2201 3021
142 2204 162 2218 Υ.
138 2155 161 2169 ὅ

210 232 285 271 141

147 299 169 317 „
195 273 232 311 &
278 284 396 310 eorum
420 272 575 307 *heredes
618 271 654 304 &
697 271 902 317 proheredes¹
939 275 970 307 A

146 350 166 364 „
193 323 376 360 masculini
411 321 450 357 ὃ(
486 318 690 356 femminini
725 319 824 354 sexus
862 320 900 354 in

147 399 168 414 „
195 384 395 419 perpetuum
436 371 593 407 dabunt,
633 370 666 403 &
711 369 900 416 portabunt

145 449 166 464 „
192 423 227 460 δ(
256 423 424 463 offerent,
460 419 498 455 &
526 419 602 455 dari
627 420 661 454 &¹
701 419 831 466 portari
860 418 897 455 &

145 500 164 515 „
190 472 304 508 offerri
355 470 487 506 facient
534 470 572 505 in
626 469 723 504 Festo
774 469 898 505 8311&oe

144 549 164 563 ‚,
192 522 305 557 Marie
345 521 387 556 de
431 519 607 569 Augusto,
653 520 820 555 videlicet
860 520 896 555 in

144 597 162 613 ‚,
188 571 328 618 ¹Vigilia
368 570 567 606 festivitatis
614 570 765 618 ejusdem
807 570 896 615 apud

143 648 162 663 ‚,
189 620 377 656 Ecclesiam
432 621 555 657 Sanffle
607 620 725 656 Marie
776 620 897 656 Pisane

143 697 162 711 ‚‚
189 671 331 718 majoris
361 671 511 707 Ecclesie
540 684 649 707 unum
677 670 828 706 Cereum
857 670 896 705 si-

141 747 161 762 „
188 735 231 757 ve
270 723 469 758 Candelum
519 723 707 758 Librarum
751 720 897 768 viginti·

142 797 162 811 „
188 772 346 820 quinque
383 785 486 816 cere,
527 772 589 808 ubi
628 771 667 807 δ(
708 769 793 806 sicut
833 770 896 806 alii

144 848 163 861 ‚,
192 822 307 858 Pisani
348 821 458 859 Cives
500 823 579 859 dare
613 823 648 857 &
686 834 823 869 por-‘are
858 820 896 857 ὅ(

141 900 159 914 ,,
185 873 308 908 offerre
344 874 520 909 candelos
556 873 624 908 five
652 875 781 909 Cerecs
814 885 896 906 con-

140 950 163 964 „
189 923 390 959 sueverunt.
429 926 476 959 Et
502 923 642 970 insuper
677 936 744 971 ego
772 923 897 957 Alber-

141 1000 163 1014 ‚,
189 983 245 1008 tus
299 974 402 1009 vobis
453 974 685 1020 suprascripto
742 972 897 1008 Domino

141 1050 160 1065 ‚‚
187 1022 334 1058 Marino
354 1024 395 1058 de
420 1025 535 1059 Ebulo
565 1025 718 1058 Pisarum
751 1023 897 1058 Potesta-

141 1101 161 1115 „
189 1075 218 1109 ti
247 1087 308 1121 pro
343 1075 538 1110 Communi
568 1073 692 1109 Pisano
729 1075 762 1108 8(
791 1073 898 1109 Civi-

142 1151 162 1166 ‚‚
190 1132 262 1159 tate
289 1124 410 1160 Pisana
434 1124 640 1172 recipienti,
666 1124 838 1159 convenio
858 1123 896 1160 &

141 1201 160 1216 ‚‚
188 1175 361 1222 promitto
381 1188 461 1210 meo
482 1176 625 1210 nomine
645 1175 787 1223 proprio
805 1175 898 1222 prin-

140 1252 159 1266 „
187 1225 356 1269 cipaliter
380 1238 437 1261 me
462 1225 635 1261 fasturum
663 1227 696 1260 δ(
739 1239 898 1271 procura—

140 1302 160 1317 „
188 1284 305 1311 turum
333 1275 384 1310 ita
412 1277 505 1322 quod
534 1275 757 1325 suprascripti
785 1277 898 1311 Nobi-

142 1327 238 1367 „les
275 1327 314 1360 de
355 1326 572 1374 Bangnaria.
609 1327 640 1361 &
674 1326 896 1373 suprascripti

144 1403 165 1417 ‚‚
190 1389 308 1412 eorum
346 1375 465 1411 fideles
501 1390 643 1416 omnes,
685 1376 720 1412 ἃ
754 1376 899 1424 quisque

142 1452 163 1467 ,2
190 1439 332 1464 eorum,
357 1427 391 1460 &
421 1426 489 1460 mei
517 1428 549 1460 &
583 1427 746 1473 cujusque
778 1439 897 1461 eorum

141 1502 161 1517 ‚‚
187 1475 325 1511 heredes
353 1476 385 1510 8(
417 1475 620 1524 proheredes
648 1477 830 1512 masculini
861 1476 900 1513 &

140 1552 162 1567 ‚,
186 1525 389 1561 femminini
436 1526 536 1562 sexus
580 1526 620 1562 in
666 1537 869 1575 perpetuum
891 1553 899 1566 ‚

140 1602 162 1617 „
187 1576 250 1612 hee
288 1576 410 1612 omnia
437 1576 664 1623 suprascripta
700 1579 733 1613 8(
768 1577 899 1626 singula

136 1652 159 1667 „
187 1627 492 1671 suprascriptorum
532 1627 633 1663 firma
668 1630 703 1664 8(
740 1639 813 1664 rata
842 1630 899 1663 ha*

188 1677 317 1712 bebunt
353 1676 390 1713 ὅ(
420 1679 610 1715 tenebunt,
636 1679 673 1711 8(
709 1678 837 1712 facient
866 1679 900 1709 8(

187 1728 447 1775 observabunt3
488 1728 521 1760 8(
573 1736 697 1760 contra
746 1724 899 1773 predi5h

187 1779 245 1813 vel
279 1777 415 1824 aliquid
454 1775 690 1823 predi&orum
730 1788 801 1810 non
842 1788 899 1810 ve-

185 1828 287 1862 nient
323 1828 378 1862 vel
415 1825 547 1861 sacient
582 1824 647 1872 ipsi
684 1827 738 1861 vel
769 1825 898 1873 aliquis

184 1889 304 1912 eorum
344 1876 469 1921 aliquo
504 1876 608 1910 modo
637 1876 694 1911 vel
730 1876 824 1922 jure.
854 1877 898 1910 Et

184 1927 276 1974 quod
315 1925 364 1961 sic
398 1925 524 1961 faciam
551 1926 587 1961 &
618 1926 769 1964 rurabo,
804 1926 897 1969 quod

186 1976 407 2023 suprascripti
431 1977 577 2011 Nobiles
605 1989 724 2012 omnes
746 1978 788 2011 de
810 1977 897 2011 Ban-

185 2027 326 2075 gnatia,
353 2027 387 2060 &
418 2025 636 2073 suprascripti
667 2039 785 2062 eorum
816 2027 898 2062 fide-

183 2079 256 2116 les,
281 2077 316 2109 &
353 2075 498 2123 quisque
530 2089 650 2111 eorum
684 2077 896 2119 insolidum,

184 2126 336 2176 predifiia
365 2127 485 2161 omnia
513 2126 546 2160 &
572 2125 703 2175 singula
726 2127 897 2172 predusto-

189 2190 290 2216 rum,
324 2176 411 2212 ficut
444 2175 536 2212 dista
568 2176 667 2220 sunt,
706 2177 836 2213 facient
864 2179 897 2213 &

140 2255 160 2269 ,‚
188 2227 429 2274 adimplebunt
453 2229 486 2263 δ(
511 2227 734 2263 rarificabunt
759 2230 791 2263 &
821 2242 898 2275 pro-

140 2305 159 2319 „
187 2278 335 2314 mittent
369 2277 407 2313 &
443 2291 654 2313 convenient
692 2280 724 2313 &
754 2279 899 2315 confite-

142 2355 159 2369 „
189 2331 322 2364 buntur·
343 2326 380 2364 ὅ(
412 2327 596 2374 jurabunt,
635 2328 671 2363 &
702 2328 737 2363 se
760 2330 794 2364 &
823 2330 896 2365 suos

142 2405 162 2419 ,,
191 2379 354 2422 heredes,
389 2376 423 2414 ἃ
466 2383 554 2413 bona
591 2378 671 2414 inde
705 2381 897 2415 Communi

142 2457 165 2471 ‚,
191 2429 319 2465 Pisano·
362 2429 555 2465 insolidum
598 2430 811 2466 obligabunt
858 2431 898 2465 ad

142 2505 162 2520 ,,
189 2479 442 2524 infrascriptam
472 2492 615 2524 penam,
646 2479 815 2517 scriozura
839 2494 900 2528 pu-

919 1232 929 1460 ὓ

363 216 756 258 ΒῙΞΞΕΚΤΑΤΙΟ
787 214 1550 270 ,QUADRAGESIMASEPTJMAE

1010 293 1032 309 Π

1627 231 1643 257 Ι

1056 270 1089 303 8(
1119 268 1384 314 inquisitionem
1412 272 1529 305 Pisani
1553 233 1768 310 Gomriisinis

1008 344 1030 358 ‚,
1058 318 1114 354 seu
1141 318 1400 353 Mxffatxvorum
1439 330 1498 355 aut
1534 323 1766 359 Ambaxiato-

1010 394 1030 407 ‚‚
1057 381 1159 412 rum,
1196 370 1253 403 vel
1281 369 1454 404 Mxffatici
1481 369 1540 404 vel
1576 372 1767 407 Ambaxia-

1021 443 1029 456 ,
1057 418 1168 462 toris,
1206 417 1382 454 iturorum
1420 421 1478 455 vel
1519 430 1768 460 venturorum,

1008 493 1027 507 ⁷,
1057 469 1144 505 ituri
1175 470 1231 504 vel
1268 470 1408 505 venturi
1436 470 1473 505 in
1501 469 1677 506 Corsicam
1708 484 1771 505 no-

1006 544 1025 557 „
1053 518 1216 554 minatim
1269 521 1303 555 8(
1347 519 1548 567 specialiter
1595 533 1660 569 pro
1701 520 1765 557 hac

1006 593 1026 607 ,ι
1054 569 1152 605 causa
1180 570 1238 605 vel
1264 584 1328 617 pto
1354 571 1422 606 hoc
1447 570 1562 606 fatto.

1055 645 1073 658 η
1103 622 1178 656 Hec
1214 621 1337 656 omnia
1373 621 1602 670 suprascripta
1638 616 1679 657 δέ
1711 620 1764 657 su—

1005 694 1026 707 „
1051 670 1325 718 prascriptorum
1357 671 1489 720 singula
1507 701 1514 711 ,
1554 671 1639 707 ficut
1669 671 1769 708 dista.

1003 743 1025 757 ‚‚
1052 720 1150 759 sunt,
1188 734 1256 769 ego
1298 721 1450 768 prefatus
1494 723 1663 758 Albertus
1705 735 1768 767 per

1003 792 1023 808 ⁷,
1051 770 1241 806 solemnem
1283 772 1543 817 stipulationem
1588 772 1766 807 convenio

1003 844 1023 858 η
1051 820 1088 857 ὅ(
1119 822 1295 870 promitto
1313 823 1414 858 vobis
1435 822 1666 870 suprascripto
1693 824 1765 857 Do-

1002 893 1022 907 „
1049 874 1147 907 mino
1193 873 1336 908 Marino
1389 872 1542 908 Pisarum
1601 871 1771 908 Potestati

1002 944 1022 959 '⁷

973 1003 978 1044 Ι
1001 994 1019 1008 7)

1000 1045 1007 1059 2

973 1047 1007 1160 ,,

1002 1149 1022 1162 Π

931 1168 965 1205 C
1000 1200 1019 1213 ‚‚

973 1215 978 1298 ἰ
1000 1251 1018 1264 Ἠ

1003 1301 1021 1315 ’³

974 1300 980 1374 i
1005 1352 1021 1366 15

1001 1402 1023 1416 ν)

1002 1453 1021 1466 5²

1004 1503 1023 1517 ,a

1003 1554 1025 1568 ’⁷

1003 1605 1023 1619 7³

935 1622 969 1655 D
1003 1654 1022 1667 37

1003 1702 1022 1714 θ’

1050 935 1112 968 pro
1150 923 1346 959 Communi
1376 923 1500 959 Pisano
1533 924 1568 958 &
1601 921 1767 959 Civitate

1049 973 1172 1009 Pisana
1215 974 1430 1018 recipienti,
1483 973 1526 1009 fic
1570 972 1685 1009 facere
1728 974 1767 1008 8(

1012 1047 1019 1060 ,
1046 1025 1227 1060 observare
1251 1026 1283 1060 8(
1313 1025 1526 1072 adimplere,
1554 1025 1587 1058 8(
1622 1023 1701 1058 fieri
1725 1024 1761 1058 &

1012 1075 1232 1114 ‚adimpleri
1269 1076 1302 1109 8(
1342 1074 1518 1110 observari
1556 1073 1693 1116 facere,
1725 1072 1767 1109 &

1049 1124 1215 1160 ratificari
1254 1126 1289 1159 8(
1327 1125 1490 1161 confiteri
1527 1125 1559 1159 &
1599 1123 1767 1172 promitti

1047 1174 1084 1211 ὅ(
1115 1175 1218 1220 jurari
1248 1174 1285 1211 &
1313 1176 1464 1224 obligari
1503 1175 1614 1210 facere
1641 1189 1661 1210 a
1689 1187 1764 1222 pre-

1046 1225 1149 1261 diffls
1189 1225 1383 1261 Nobilibus
1416 1226 1459 1261 de
1497 1224 1699 1274 Bangnaria.
1723 1223 1765 1262 ὅτ,

1050 1289 1169 1311 eorum
1216 1275 1378 1312 fidelibus
1421 1277 1585 1312 omnibus
1604 1303 1615 1320 ‚
1669 1276 1703 1310 8(
1747 1288 1771 1311 a

1050 1328 1210 1374 quolibet
1238 1340 1359 1362 eorum
1385 1327 1425 1363 in
1450 1326 1614 1362 omnibus
1642 1327 1675 1360 8(
1705 1338 1768 1369 per

1046 1378 1193 1418 omnia,
1214 1387 1252 1413 ut
1278 1377 1377 1425 supra
1399 1377 1565 1425 scriptum
1595 1375 1660 1411 est.
1684 1377 1769 1420 Que

1049 1428 1169 1463 omnia
1206 1429 1240 1462 &
1269 1427 1400 1475 singula
1437 1426 1696 1474 predxcstorum,
1725 1425 1768 1460 fi-

1051 1486 1110 1513 cut
1147 1477 1245 1513 dzaa
1279 1477 1382 1521 sunt,
1418 1477 1443 1512 fi
1472 1491 1539 1513 non
1580 1476 1694 1512 fecero
1726 1473 1767 1511 ὅ(

1049 1528 1302 1568 observavero,
1339 1527 1379 1564 ὃ(
1415 1528 1495 1564 fieri
1520 1529 1554 1563 8(
1591 1524 1771 1561 observari.

1051 1580 1087 1614 ὃ(
1114 1578 1297 1626 adimpleri
1327 1577 1365 1614 &
1394 1577 1563 1613 ratificari
1591 1576 1625 1609 &
1655 1573 1766 1609 confi-

1050 1629 1116 1662 teri
1143 1630 1177 1662 &
1207 1627 1369 1673 promitti
1397 1628 1432 1660 &
1460 1626 1566 1672 jurari
1604 1623 1643 1661 &
1670 1624 1767 1660 obli-

1049 1676 1123 1724 gari
1151 1689 1171 1710 a
1198 1675 1364 1723 predistis
1389 1676 1581 1711 Nobilibus
1603 1675 1644 1711 dc
1673 1676 1762 1710 Ban-

1005 1753 1023 1765 ,‚
1051 1725 1197 1773 gnatia,
1233 1727 1266 1760 8(
1305 1738 1425 1761 eorum
1454 1725 1617 1762 fidelibus
1649 1725 1768 1761 omni-

1004 1803 1023 1815 „
1052 1777 1112 1810 bus
1141 1775 1177 1810 ἃ
1207 1788 1227 1810 a
1253 1777 1415 1821 quolibet
1441 1789 1563 1810 corum
1586 1776 1626 1811 in
1648 1775 1766 1810 omni-

1005 1852 1024 1864 „
1052 1826 1113 1860 bus
1152 1824 1189 1860 &
1229 1838 1291 1871 per*
1324 1825 1469 1864 omnia,
1505 1833 1546 1860 ut
1583 1825 1765 1872 suprascri-

1004 1902 1025 1916 „
1054 1885 1149 1921 ptum
1179 1874 1247 1914 est,
1284 1888 1353 1910 non
1390 1874 1529 1919 fecero,
1564 1886 1627 1911 aut
1660 1875 1683 1909 fi
1711 1875 1766 1911 ita.

1004 1953 1023 1967 2,
1051 1925 1180 1960 fafi'ium
1209 1927 1244 1961 &
1280 1925 1500 1961 observatum
1537 1939 1608 1961 non
1637 1925 1766 1966 fuerit,

1005 2004 1023 2017 „
1051 1978 1106 2012 vel
1146 1976 1166 2010 fi
1196 1985 1315 2011 contra
1354 1976 1511 2023 predifiia
1536 1978 1596 2012 vel
1629 1976 1766 2024 aliquid

1004 2054 1023 2067 „
1052 2027 1286 2072 predifi‘corum
1315 2028 1436 2073 aliquo
1474 2036 1654 2072 ternpore,
1692 2027 1767 2062 ullo

1005 2104 1022 2117 ‚‚
1052 2077 1156 2113 modo
1194 2078 1249 2112 vel
1286 2077 1435 2126 ingenio.
1469 2076 1602 2112 fafiurn
1637 2076 1768 2121 fuerit,

1005 2154 1024 2169 ‚‚
1053 2127 1226 2164 convenio
1255 2126 1293 2163 ὅ(
1323 2127 1496 2171 promitto
1523 2129 1559 2163 8(
1592 2140 1771 2175 compono

1005 2205 1024 2219 „
1052 2179 1131 2214 dare
1168 2180 1203 2213 8(
1231 2178 1362 2214 solvere
1400 2179 1499 2214 vobis
1534 2177 1769 2228 suprascripto

1004 2255 1024 2269 „
1055 2229 1213 2265 Domino
1251 2229 1394 2264 Marino
1434 2228 1562 2264 Pisano
1600 2227 1769 2264 Potestati

1005 2306 1024 2320 ,‚
1051 2294 1114 2326 pro
1142 2280 1336 2315 Communi
1360 2281 1393 2314 8(
1417 2278 1583 2315 Civitate
1609 2279 1768 2315 Pisarum

1005 2356 1023 2369 ‚‚
1051 2330 1237 2375 recipienti
1267 2343 1388 2377 penam
1426 2330 1572 2366 duarum
1609 2330 1767 2365 millium

1006 2406 1024 2419 ‚,
1054 2382 1253 2416 Mai-carum
1290 2380 1449 2428 argenti.
1482 2383 1564 2426 Qua
1597 2394 1683 2426 pena
1712 2380 1763 2415 so-

1006 2456 1023 2470 „
1052 2432 1125 2466 Iura
1154 2431 1257 2466 semel
1286 2433 1345 2466 vel
1371 2431 1518 2479 pluries.
1550 2431 1613 2466 hee
1640 2430 1765 2467 omnia

1007 2507 1026 2520 ,‚
1053 2481 1281 2527 suprascripta
1312 2492 1474 2518 maneant
1498 2481 1690 2524 firmitate,
1723 2493 1762 2514 o-

139 2556 162 2572 „
188 2530 285 2568 blica
306 2530 566 2568 interveniente
601 2531 646 2567 ad
678 2531 902 2568 voluntatem
926 2526 935 2573 Ι,
977 2524 1028 2576 1„
1055 2532 1222 2581 bligaudo
1247 2545 1305 2570 me
1338 2534 1373 2569 8(
1410 2546 1506 2571 meos
1531 2532 1694 2571 heredes,
1722 2527 1763 2567 ὃς

1538 2607 1558 2624 n
1585 2579 1712 2618 omnia
