2201 3021
287 215 371 254 229

226 282 249 300 „
275 259 340 295 tim
376 257 570 294 Civitatem
610 257 808 295 Dertonae,
834 256 867 291 ἃ
898 257 985 305 hpi-
1021 262 1056 297 A

226 333 247 350 2,
273 310 450 358 scopatum
486 307 521 341 &
558 305 807 354 Comitatum3
835 307 868 341 8<
904 307 984 343 dare

226 383 249 401 .‚
274 360 324 397 eis
360 357 553 394 Civitatem
597 356 639 391 ad
680 355 904 392 offensionem
948 359 982 393 &

222 435 245 452 .,
270 407 517 446 defenfionem.
545 408 593 442 Et
620 405 643 441 fi
672 407 888 455 perdiderint
916 410 983 444 Re-

224 487 243 502 „
269 471 374 508 gnum
415 458 541 493 Itahae
580 458 635 493 vel
677 458 905 503 Civitatem,
943 458 981 496 &

223 537 243 553 ,.
268 508 513 558 Episcopatum
542 509 576 544 &
602 508 826 545 Comitatum
856 511 980 546 Dei-ton

221 587 239 603 ‚‚
268 572 352 604 nae,
380 559 470 595 bona
508 558 575 595 fide
602 560 636 594 &
673 558 742 595 fine
779 559 897 596 fraude
926 561 977 609 ju-

219 637 238 652 „
264 611 354 653 vabo
390 623 448 646 eos
476 623 697 657 recuperare,
725 609 762 646 ἃ
801 624 978 659 recupera-

218 687 238 703 „
265 669 300 696 ta
328 670 464 696 tenere.
487 662 534 695 Et
555 660 784 702 Credenrias,
810 673 893 707 quas
915 661 977 706 ips:
1006 696 1007 700 ,

217 738 237 751 ,,
265 724 324 760 per
350 711 404 750 se,
432 712 487 747 vel
516 723 576 758 per
611 721 723 746 certos
763 710 839 746 suos
877 713 978 747 Nun·
1005 715 1049 749 Β

217 788 235 803 ,,
263 762 332 798 tios
373 761 463 798 mihi
500 760 776 805 infinuaverint,
819 761 874 796 vel
918 748 1008 844 pert

215 839 233 852 ‚.
260 813 404 857 literas,
437 812 581 849 secretas
617 813 766 855 tenebo,
793 824 857 847 nec
895 825 976 859 pan-

214 888 233 904 „
260 864 339 899 dam
379 863 420 899 ad
448 863 699 899 detrimentum
732 861 975 912 personarum,

214 939 233 953 „
261 915 317 950 vel
346 913 489 950 honoris
525 926 667 949 eorum.
696 915 742 949 Et
778 925 897 961 pacem
927 913 975 949 fa-

213 988 232 1003 „
261 965 352 999 ciam
376 965 541 999 omnibus
563 963 687 1000 amicis
711 976 830 1000 eorum
853 964 886 999 8<
910 963 975 1000 ser-

213 1039 233 1053 „
263 1015 380 1063 vabog
418 1015 451 1049 &
494 1027 652 1063 guerram
690 1014 809 1051 vivam
847 1013 974 1050 faciam

211 1090 230 1104 ‚,
258 1065 422 1100 omnibus
443 1064 602 1101 inimicis
624 1077 770 1114 eorum3
794 1078 854 1101 nec
875 1079 975 1114 guer-

213 1140 233 1155 ‚,
260 1127 332 1150 ram
376 1116 591 1152 recredutam
643 1115 769 1152 faciam
823 1116 974 1152 hostibus

209 1191 230 1206 ‚,
257 1179 378 1202 eorum
404 1165 442 1203 δι
469 1166 638 1215 Imperii,
664 1167 849 1203 secundum
877 1180 974 1202 man-

209 1242 229 1256 „
256 1217 376 1252 datum
396 1218 544 1253 Domini
565 1220 810 1265 imperatoris,
828 1220 883 1254 vel
903 1220 974 1254 Do-

209 1290 229 1306 „
257 1267 348 1303 mini
379 1269 505 1316 Regis,
535 1269 589 1303 vel
620 1269 795 1304 Dominae
822 1271 974 1312 Impera-

210 1392 229 1408 ‚‚
258 1368 324 1403 hoc
360 1368 492 1403 factum
533 1369 798 1405 destinaverint.
826 1371 874 1404 Et
910 1383 972 1405 nos

205 1442 227 1458 ‚‚
253 1430 393 1465 operam
422 1419 583 1454 dabimus
622 1420 709 1453 bona
747 1418 814 1453 fide
841 1420 871 1454 &
903 1418 972 1455 fine

206 1493 226 1508 „
254 1467 397 1513 fraude,
425 1469 521 1516 quod
557 1482 679 1504 omnes
718 1468 880 1506 homines
910 1469 972 1506 Ci-

209 1543 229 1559 „
256 1519 381 1555 vitatis
406 1521 582 1556 Dertonae
603 1519 812 1556 fidelitatem
842 1521 879 1556 in
907 1521 971 1556 hac

206 1594 228 1609 ,‚
254 1569 372 1605 eadem
411 1571 523 1607 forma
550 1572 675 1620 ‘jurent
706 1572 863 1607 Domino
901 1574 970 1606 lm·
993 1584 996 1598 1

1010 1166 1044 1205 C

210 1341 229 1357 2,
257 1318 379 1363 tricis,
416 1320 471 1353 vel
508 1319 660 1367 Legati,
688 1332 792 1367 quem
830 1319 892 1366 ipsi
931 1222 1002 1525 ad!

454 199 842 241 DISSERTATIO
873 201 1593 255 QUADRAGESJMAOCTAVA
1607 240 1617 250 .

1708 227 1727 253 2
1765 227 1790 254 Ο

1143 262 1232 293 Anno
1253 262 1386 294 Domini
1412 266 1683 301 MCLXXXIII.
1704 228 1852 305 luia-lio—

1091 322 1131 345 ne
1155 313 1184 344 Ι.
1211 311 1329 345 Pridie
1354 312 1472 346 Nonas
1498 312 1704 350 Februarii.

1141 361 1240 395 Haec
1279 374 1297 396 a
1337 362 1607 399 Dertonenfibus
1651 365 1727 401 asta
1769 379 1849 406 ante

1089 411 1214 446 Pacem
1237 410 1538 449 constantiensem
1553 441 1562 458 ‚
1589 414 1767 451 friderico
1792 432 1849 454 cu—

1088 471 1208 501 rante,
1231 471 1270 497 ut
1295 463 1531 512 quoscumque
1559 465 1667 512 poffet
1692 479 1710 502 a
1736 468 1851 503 Socie-

1088 520 1160 547 tate
1185 513 1464 550 Lombardorum
1492 515 1697 556 divelleret,
1720 516 1851 564 fibique

1087 561 1266 611 jungeret.
1295 566 1479 611 Propterea
1505 565 1542 601 in
1565 565 1747 614 Capitulis
1775 569 1849 617 eju-

1087 614 1179 648 ldem
1222 615 1319 650 Pacis
1355 615 1446 651 infra
1483 617 1664 666 legendis,
1692 619 1734 654 ab
1771 619 1846 666 ipso

1086 664 1243 712 Augusto
1284 665 1378 701 inter
1416 665 1597 703 Civitates
1639 667 1701 704 fibi
1742 680 1845 705 antea

1085 715 1309 750 adhaerentes
1336 727 1584 753 enumerantur
1610 721 1737 763 Papia,
1763 723 1845 755 Cre-

1084 776 1173 799 mona
1189 788 1201 804 ,
1236 770 1364 810 Cuma,
1398 768 1575 812 Terdvnae,
1612 771 1707 815 Asta,
1733 771 1851 817 Caefiz-

1083 827 1163 859 rea,
1190 817 1322 862 janua,
1350 815 1456 862 Alba,
1482 816 1519 853 ⁴&
1555 820 1642 854 aliae
1676 821 1847 856 Civitates

1084 864 1121 899 (θ’
1152 865 1323 914 personae,
1350 880 1430 913 quae
1456 867 1538 915 fiant
1568 868 1605 903 ‘iv‘
1640 870 1774 914 suerunt
1799 884 1843 906 ex

1077 920 1177 960 part'e
1212 919 1313 963 mstra
1330 943 1337 952 .
1373 918 1534 962 Caelizrea
1574 919 1652 957 heic
1687 920 1734 956 est
1770 925 1844 956 Ale-

1083 969 1231 1002 xandria
1258 969 1422 1014 Civitas,
1450 980 1491 1006 ut
1527 970 1618 1006 infra
1646 971 1840 1009 ostendam.

1080 1017 1179 1062 Quid
1207 1021 1289 1054 vero
1317 1028 1450 1056 ceterae
1478 1021 1589 1057 Urbes
1622 1021 1735 1057 eidem
1765 1022 1840 1059 Fri-

1080 1067 1200 1104 derico
1241 1069 1458 1106 adversantes
1498 1071 1757 1119 praestiterint,
1800 1081 1844 1110 ut

1055 1075 1120 1172 'ad
1142 1119 1285 1156 eandem
1310 1122 1432 1156 Pacem
1458 1120 1495 1158 &
1519 1123 1754 1159 Concordiam
1780 1124 1841 1160 ho-

1079 1168 1225 1206 norifice
1262 1171 1504 1220 pervenirent,
1534 1173 1626 1209 Asta
1661 1173 1733 1222 ipsa
1765 1188 1841 1223 pro-

1077 1219 1183 1264 dent,
1211 1234 1300 1269 quae
1334 1221 1426 1258 haufi
1463 1236 1482 1259 e
1510 1225 1704 1260 Tabulario
1731 1226 1841 1261 Com-

1078 1271 1264 1307 munitatis
1285 1273 1517 1317 Mutinensis,
1540 1275 1771 1322 omniumque
1789 1277 1844 1311 in·-

1077 1321 1176 1357 terest
1214 1323 1466 1367 Erudstwum,
1504 1334 1545 1360 ut
1582 1325 1734 1361 tenebris
1771 1338 1841 1361 ere-

1077 1381 1136 1419 pta
1163 1372 1201 1407 in
1240 1374 1378 1420 publica
1417 1374 1557 1410 tandem
1593 1376 1672 1411 luce
1707 1375 1839 1411 versen-

1077 1431 1154 1456 tur.
1181 1423 1287 1458 Nunc
1314 1423 1375 1459 ubi
1411 1424 1453 1459 de
1484 1425 1570 1460 Pace
1606 1425 1700 1462 inter
1729 1428 1839 1474 Reges

1077 1472 1319 1522 reintegranda
1357 1474 1494 1523 agitur,
1525 1475 1624 1511 mille
1661 1476 1836 1523 praelimi-

1078 1522 1200 1566 naria,
1228 1534 1267 1558 ut
1295 1525 1413 1572 ajunt,
1440 1526 1472 1559 &
1505 1525 1598 1560 Aaa
1637 1526 1837 1570 praecedere

1077 1572 1351 1608 consueverunt.
1374 1574 1436 1608 Sed
1466 1587 1527 1608 nec
1549 1576 1671 1609 Seculo
1690 1575 1834 1622 quidem

205 1644 230 1660 .‚
257 1621 410 1668 peratori
437 1622 626 1664 Federico,
651 1623 685 1657 8<
714 1621 774 1657 suo
799 1621 877 1656 filio
905 1624 970 1656 Re-
1005 1622 1051 1654 D'
1078 1623 1160 1655 XII.
1187 1631 1295 1656 artem
1333 1623 1565 1670 pertrafitandi
1604 1625 1751 1671 politica
1778 1638 1834 1661 ne·-

206 1695 227 1710 ‚‚
253 1671 290 1719 gi
319 1672 501 1713 Henrico,
528 1673 561 1706 &
601 1671 777 1706 Dominae
813 1668 993 1719 Beatrici5

203 1745 224 1762 2,
252 1721 426 1772 Augustae
453 1719 696 1769 imperatrici.
992 1724 997 1765 Ι

867 1770 884 1784 0

1047 1662 1052 1717 ξ
1076 1669 1174 1717 gotia
1200 1671 1354 1720 Majores
1380 1672 1487 1709 nostri
1519 1673 1688 1723 ignorasse
1716 1675 1835 1711 viden·

1046 1727 1051 1751 ἱ
1076 1729 1133 1756 tur
1149 1746 1159 1756 .

243 1834 503 1893 colloquium
538 1833 708 1889 primum
744 1833 962 1877 Placentiae
993 1832 1172 1877 habitum
1204 1834 1308 1878 inter
1339 1835 1511 1879 Nuntios
1541 1836 1729 1883 Friderici
1759 1842 1791 1882 Ι.

429 1894 594 1950 Augusti
626 1895 663 1935 &
696 1896 995 1950 Langobardoe,
1027 1907 1242 1952 eorumque
1272 1897 1530 1950 Foederatos,
1559 1898 1608 1940 de

558 1956 654 1996 Pace
685 1951 788 1996 inter
817 1969 883 1997 eos
913 1953 1168 2008 instituenda,
1198 1957 1320 1997 Anno
1355 1956 1480 2011 1183.

304 2076 385 2111 Nno
405 2076 596 2111 Dominicae
619 2077 858 2112 Incarnatt'onis
878 2077 961 2111 Mil-
984 2074 1043 2121 *E*
1070 2074 1230 2120 bardiae‚
1257 2076 1461 2118 Mar-chiae,
1487 2075 1524 2111 ὰ
1551 2077 1764 2119 Romaniae,
1793 2078 1825 2114 ὦ·

331 2128 430 2171 lefimo
454 2128 626 2162 Centesimo
649 2127 854 2173 Ot‘luagefimo
879 2129 960 2161 Ter-

201 2179 270 2215 tio,
311 2180 484 2214 Indiffione
524 2179 665 2221 Prima,
705 2180 760 2213 die
798 2179 973 2222 Sabbati„

201 2227 317 2261 Pridie
354 2231 514 2263 Kalendas
554 2231 695 2271 Madii,
731 2229 767 2262 in
807 2230 959 2264 Ciuitate

203 2279 408 2319 Placentiae,
436 2279 528 2321 infra
555 2279 727 2318 Ecclesiam
761 2281 867 2313 SanHi
894 2284 960 2314 An—

204 2330 332 2368 tonini,
360 2330 395 2363 in
417 2327 602 2372 praef‘fintia
632 2328 778 2364 Domini
806 2329 958 2365 Tebaldi

204 2378 401 2415 Placentini
430 2377 617 2428 Episcopi,
645 2379 681 2413 ἅ
711 2380 801 2414 Cleri
827 2379 961 2424 ejusdem

203 2432 394 2469 civitatis,
435 2430 480 2468 (φ
524 2428 746 2465 Marchionis
786 2429 960 2475 Opizonis

201 2479 441 2528 Malaspinae,
468 2479 505 2514 ΕΤ
537 2482 699 2514 Reffarum
737 2478 772 2513 (5'
799 2480 959 2522 Confidam

200 2532 237 2566 <7
256 2535 426 2567 multorum
441 2532 628 2578 Sapientum
648 2529 835 2570 Societatis
850 2532 958 2569 Lom-

1069 2139 1203 2172 magnae
1234 2130 1346 2171 partis
1372 2130 1485 2173 Populi
1525 2131 1730 2165 Placentiae.
1760 2131 1830 2165 Do-

1068 2177 1184 2213 minus
1211 2177 1412 2214 Gulielmus
1440 2179 1588 2215 Astenfis
1617 2180 1829 2230 Episcopus,

1067 2227 1103 2261 ἴθ’
1140 2228 1305 2264 Marchio
1347 2230 1522 2266 Henricus
1561 2231 1754 2269 Guercius‚
1791 2231 1827 2265 <7¹

1070 2282 1196 2314 Frater
1233 2281 1424 2314 Teodoricus
1450 2280 1487 2314 <7
1526 2281 1680 2325 Rodulfus
1716 2287 1830 2317 Cama-

1067 2331 1199 2370 rarius,
1218 2329 1373 2374 fecerunt
1406 2332 1471 2375 legi
1508 2333 1644 2366 Literas
1668 2333 1827 2377 sigillatas

1056 2380 1167 2424 *Tigillo
1196 2379 1344 2416 Domini
1382 2380 1608 2429 Imperatoris
1645 2382 1827 2426 Federici,

1070 2430 1104 2463 in
1131 2433 1245 2474 quibus
1270 2434 1516 2467 continebatur:
1545 2436 1647 2478 ,Qud
1674 2435 1827 2467 Dominus

1071 2483 1251 2523 Imperator
1286 2484 1421 2517 dederat
1456 2485 1623 2518 licentiam
1654 2483 1827 2527 praediffis

1071 2531 1189 2578 fsse71fi
1214 2529 1360 2580 Epfiopo
1395 2532 1431 2567 (θ’
1468 2535 1652 2570 Marchioni
1680 2537 1718 2566 H
1721 2534 1828 2568 enrico

1114 2583 1140 2617 P
1169 2593 1190 2618 2
1627 2582 1663 2617 (5¹
1689 2585 1776 2618 Fra-
