2201 3021
298 222 387 278 '629

580 219 973 263 DlssERTATIO
1002 222 1526 282 QUINQUAGESIMA.

1730 234 1818 284 630

293 277 422 328 nivers)
465 279 628 315 Communi
671 277 840 311 Civitatis
885 279 1003 325 ipfius,
1040 285 1078 318 A
1117 304 1145 324 „
1170 277 1329 315 validum
1364 280 1465 316 cursu
1501 282 1606 318 celeri
1640 283 1874 331 destinantes,

283 331 448 381 fhlutem,
482 330 518 365 (θ’
543 325 717 375 fratribus
754 329 791 363 in
827 329 922 375 ipsius
948 342 1003 363 ne-

291 384 444 430 cqffitatis
482 381 622 414 articulo
663 381 760 414 velox
801 378 849 418 &⁰
889 382 1002 427 efficax

283 432 458 482 fi‘bfidium
482 430 639 464 exhibere
649 455 661 465 .

242 544 268 581 3,
398 531 569 582 Egotium
596 531 789 568 imminens
815 531 897 568 talis
918 546 1000 569 con-

241 611 267 630 „
422 583 574 619 ditionis
609 583 753 623 existit,
799 583 894 631 quod
928 596 1001 619 non

239 660 265 680 ‚,
291 634 337 669 est
365 635 479 670 verbis
507 634 564 669 sed
591 633 694 670 faffis
721 634 895 670 celeribus
920 633 1001 671 infi-

238 710 265 730 „
291 684 446 722 stenelum
464 711 474 721 .
501 687 549 721 Et
582 684 667 722 ideo
702 683 873 720 summam
901 684 1001 733 ipfius

239 761 265 782 „
292 734 509 772 fraternitati
539 735 669 772 vestrae
697 734 759 771 sub
790 736 1001 783 compendio

240 812 266 832 „
293 786 500 824 denotamus
522 812 533 822 .
573 788 667 822 Ecce
706 798 787 822 cum
832 786 1001 822 traciatus

238 862 265 883 „
292 838 389 886 pacis
428 839 523 876 inter
557 850 622 874 nos
648 836 687 874 &
714 836 913 874 Laudenses
949 837 1001 873 ni-

237 913 265 934 „
292 889 405 925 mium
448 888 646 938 protrafi’cus
687 887 805 924 fuifl‘et
844 888 883 924 in
924 888 1001 922 lon-

236 962 264 984 „
290 952 398 988 gum,
426 940 465 977 &
492 940 570 987 plus
596 938 741 976 Laudae
768 938 1001 987 pependisset,

236 1012 263 1033 ,‚
290 990 384 1035 quod
411 989 583 1025 Marchio
608 992 750 1025 Lancea
770 988 935 1028 mififfet,
963 997 1001 1024 ut

235 1064 261 1084 ‚‚
288 1038 486 1076 Civitatem
525 1037 635 1087 ipsam
672 1040 825 1074 latenter
850 1039 1002 1075 traderet

236 1114 262 1134 ‚‚
290 1088 329 1124 in
357 1103 478 1126 manus
506 1088 705 1125 Pelavicini
729 1091 764 1124 ὃ(
785 1091 1001 1125 Cremonen—

234 1165 261 1185 „
288 1138 373 1175 fium
416 1140 657 1189 perfidorum,
692 1140 804 1176 Miles
840 1141 1000 1190 egregius

235 1216 262 1236 ‚,
289 1193 380 1239 Suge
428 1192 470 1228 de
513 1190 699 1226 Vestarino
742 1189 781 1226 ἃ
822 1190 1000 1227 universus

233 1267 259 1286 „
288 1243 443 1289 Populus
465 1241 639 1279 Civitatis
663 1242 808 1279 Laudae
828 1242 885 1278 die
905 1245 1000 1278 Mar-

234 1317 262 1337 „
290 1291 337 1327 tis
364 1296 401 1328 in
431 1305 534 1329 mane
557 1293 659 1328 VIIL
680 1292 852 1341 Augusti,
879 1306 997 1342 pacem

233 1366 259 1387 ‚,
288 1342 494 1389 juraverunt
528 1341 744 1390 expreffius‚
781 1357 871 1391 quae
906 1344 1000 1380 inter

235 1417 260 1436 „
287 1405 350 1427 nos
378 1395 410 1428 &
440 1393 534 1440 ipsos
562 1393 674 1427 fuerat
702 1393 835 1429 diutius
869 1403 999 1441 pertra-

232 1468 257 1488 „
285 1443 408 1482 Siata,
449 1444 484 1478 &
528 1441 601 1478 suas
643 1443 840 1478 Communi
883 1443 998 1479 nostro

229 1521 255 1539 ‚‚
284 1495 424 1530 Literas
445 1492 483 1530 &
509 1492 668 1529 Nuntios
690 1493 896 1530 direxerunt
916 1507 998 1530 con-

233 1570 259 1590 „
286 1544 411 1583 cinno,
432 1555 471 1580 ut
491 1545 691 1581 Civitatem
713 1544 888 1580 adiremus
905 1558 998 1581 eam-

232 1621 258 1642 „
287 1595 387 1635 dem,
415 1596 524 1644 ipsam
553 1596 591 1632 in
619 1596 733 1631 nostra
761 1596 922 1645 potentia
947 1609 997 1631 re-

232 1671 257 1692 ‚‚
283 1646 440 1694 cepturi.
470 1648 572 1683 Unde
600 1646 752 1682 Potestas
777 1647 891 1681 noster
917 1658 994 1680 cum

231 1722 257 1743 ‚,
284 1707 364 1734 toto
394 1699 530 1743 Populo
558 1697 596 1731 δε
625 1695 760 1729 militia
795 1695 907 1730 nostra
934 1694 997 1731 Ci-

232 1771 259 1792 „
286 1751 431 1780 vitatem
459 1745 570 1791 ipsam
599 1744 714 1780 adivit
740 1753 812 1780 tam
842 1745 997 1782 viriliter

232 1821 257 1843 ,‚
285 1796 389 1843 quim
419 1805 609 1842 potenter:
647 1796 682 1830 ἃ
720 1795 862 1845 ingreffi
897 1798 992 1832 Civi-

229 1872 256 1893 ‚,
282 1856 391 1882 tatem
419 1848 452 1880 8<
473 1846 617 1882 Circam
639 1847 805 1887 Lamiae,
832 1847 992 1883 detinent

230 1922 255 1943 ,‚
282 1896 475 1933 fortalitias
512 1910 635 1933 omnes
675 1897 850 1934 Civitatis
889 1897 994 1947 ipfius

230 1973 256 1995 ‚,
283 1960 433 1993 excepto
475 1948 596 1985 Castro
636 1949 669 1983 &
712 1949 854 1985 modica
895 1958 993 1998 parte

229 2023 255 2045 2,
282 1998 460 2039 Circhae,
496 2001 557 2036 ubi
587 1999 809 2036 pelavicinus
836 2001 871 2035 &
899 2002 993 2036 Lan-

231 2076 258 2096 „
284 2063 345 2085 cea
362 2063 444 2086 cum
463 2050 584 2086 infidis
601 2050 895 2087 cremonenfibus
910 2064 992 2087 con-

230 2129 256 2148 „
282 2110 474 2136 venerunt.
500 2097 548 2136 Et
568 2101 611 2137 sic
631 2101 737 2136 nostri
756 2101 892 2137 cotidie
910 2114 990 2136 cum

230 2178 255 2197 „
281 2151 333 2186 eis
368 2152 613 2199 proeiiantur,
649 2152 683 2185 8(
720 2160 910 2199 antequam
938 2150 991 2186 di—

231 2228 256 2248 „
282 2201 421 2237 (cedant
440 2202 589 2241 abinde,
615 2201 771 2237 diffinita
799 2201 993 2249 proferetur

231 2279 257 2298 ‚,
282 2250 457 2287 sententia
479 2252 639 2287 diutinae
665 2251 898 2299 quaestionis.
925 2254 991 2287 Ea-

231 2330 258 2350 „
284 2310 427 2350 prop-ter
468 2301 725 2338 fraternitatem
767 2301 911 2337 vestram
946 2315 990 2338 ex

230 2351 360 2401 „imo
400 2352 517 2388 cordis
558 2351 789 2389 attentiffime
831 2352 991 2401 depreca-

229 2431 255 2450 „
283 2415 387 2443 mur,
427 2413 599 2452 quatenus
637 2416 721 2438 cum
760 2411 842 2439 toto
881 2403 992 2440 vestro

228 2481 254 2501 ‚,
280 2453 437 2490 exfortio
472 2464 546 2491 tam
584 2453 713 2501 Populi
749 2455 857 2500 quam
892 2453 991 2490 mili-

228 2532 255 2552 „
281 2505 374 2545 tiae,
400 2507 528 2541 Terras
553 2503 848 2541 Cremonenfium
870 2503 991 2540 velitis

225 2581 252 2602 ‚‚
278 2555 441 2593 invadere
454 2580 467 2597 2
484 2554 684 2595 succursum
703 2555 807 2606 nobis
826 2554 990 2606 {cilinium

1038 1191 1071 1228 (Ἴ

1115 355 1143 374 ,,
1170 338 1211 365 ut
1237 342 1301 365 nos
1328 339 1530 378 potentatus
1559 333 1660 370 vestri
1687 334 1875 378 sentiente:

1115 406 1142 425 „
1168 380 1373 420 auxilium,
1409 381 1599 429 praediffis
1632 386 1876 426 Cremonensi*

1113 457 1140 476 „
1166 431 1257 472 bus,
1294 431 1492 482 priusquam
1530 446 1549 468 a
1578 433 1680 470 nobis
1715 436 1747 472 se
1783 440 1875 489 sepa—

1114 508 1142 527 „
1166 491 1268 524 rent,
1295 484 1489 520 mercedem
1516 484 1674 521 debitam
1704 489 1876 534 persolva„

1113 559 1140 577 ‚,
1167 545 1268 571 mus.
1293 536 1494 571 Succurrite
1521 535 1621 571 nobis
1648 537 1778 573 amici.
1809 543 1874 577 Pro

1115 609 1141 628 „
1167 585 1246 621 Deo
1273 585 1464 622 succurrite
1488 585 1708 628 festinanter,
1735 601 1779 625 ne
1798 603 1878 640 pro-

1114 660 1141 679 „
1166 644 1247 684 pter
1283 636 1541 688 negligentiam
1582 645 1682 676 tanta
1724 639 1876 679 viaoria

1114 711 1141 730 „
1166 685 1372 726 differatur.

1113 787 1257 833 Egregio
1292 788 1329 823 cr
1359 791 1491 835 potenti
1523 791 1642 825 Militi
1676 793 1815 829 Domino
1839 798 1877 832 Β,

1163 841 1203 872 (le
1228 841 1360 885 Canoffiz
1387 843 1567 876 honorabili
1596 844 1749 888 P⁰l⁴⁶stati
1777 848 1878 880 Iliae*

1164 899 1242 925 tuae
1258 915 1266 928 ,
1286 893 1339 938 Jo.
1366 894 1405 926 de
1431 894 1518 937 Ripa
1546 894 1793 940 Mediolanenfis
1820 900 1880 930 Po-

1163 941 1258 987 testas
1285 940 1427 988 salutem
1453 942 1490 977 Θ
1523 945 1707 980 continuam
1741 944 1878 992 asfluena

1164 993 1249 1025 tiam
1267 995 1485 1038 gaudiorum„

1114 1114 1139 1134 ‚‚
1272 1094 1376 1130 Nuda
1407 1094 1558 1131 veritate
1594 1095 1769 1131 sumentes
1805 1109 1878 1134 ma«

1114 1166 1139 1184 ,‚
1296 1145 1420 1180 teriam
1449 1170 1459 1185 ,
1500 1145 1694 1194 Epistolam
1736 1148 1875 1183 excusa>-

1113 1215 1139 1235 ‚‚
1167 1194 1277 1230 tionis
1313 1208 1385 1231 non
1427 1195 1530 1232 fletae
1573 1210 1637 1244 pro
1677 1196 1877 1235 Communi

1114 1267 1139 1286 ‚,
1165 1244 1366 1282 Mediolani
1395 1246 1522 1283 vestrae
1558 1247 1725 1284 duximus
1759 1249 1877 1297 provi-

1113 1318 1139 1336 „
1164 1296 1305 1333 dentiae
1320 1297 1555 1334 destinandam
1568 1323 1579 1339 ,
1597 1298 1764 1334 videlicet
1782 1299 1878 1345 quod

1113 1368 1140 1388 „
1165 1359 1245 1383 cum
1273 1349 1558 1384 Medioianenses
1579 1348 1802 1383 intendentes
1823 1358 1878 1383 to-

1111 1418 1140 1436 „
1164 1397 1288 1432 taliter
1313 1397 1496 1432 offensioni
1522 1397 1710 1432 rebellium
1732 1398 1878 1435 §initae

1111 1466 1136 1485 ‚,
1163 1445 1288 1480 matris
1315 1445 1510 1485 Ecclesiae,
1534 1447 1569 1481 8<
1598 1446 1773 1484 succursui
1800 1450 1878 1484 Par-

1112 1517 1136 1535 „
1163 1494 1354 1535 mensium,
1380 1509 1422 1531 ac
1449 1496 1606 1532 militiae
1627 1498 1876 1539 Placentinae„

1111 1567 1135 1586 ‚‚
1162 1546 1359 1593 generalem
1388 1554 1632 1594 praepararent
1653 1547 1875 1589 exercitum,

1111 1617 1135 1635 „
1162 1594 1459 1641 impedimentum
1505 1596 1717 1632 inevitabile
1760 1598 1873 1647 super-

1110 1667 1135 1685 ‚,
1163 1644 1286 1685 venit,
1327 1655 1469 1695 propter
1506 1646 1603 1694 quod
1640 1660 1763 1684 eorum
1800 1661 1874 1685 non

1110 1717 1136 1735 „
1165 1696 1321 1731 valerent
1349 1695 1564 1745 propositum
1593 1698 1719 1746 cupito
1744 1699 1873 1735 effigia

1107 1767 1134 1787 ‚,
1162 1745 1387 1795 mancipare.
1426 1749 1520 1785 Nam
1557 1747 1696 1785 Literas
1735 1751 1873 1787 Domni

1108 1818 1134 1837 n
1163 1799 1275 1845 Papae
1310 1797 1506 1847 recepimus
1541 1799 1795 1842 continenter,
1833 1810 1873 1838 ut

1106 1868 1134 1888 ‚,
1161 1848 1204 1883 ad
1230 1847 1380 1884 Curiam
1412 1849 1582 1885 solemnes
1608 1851 1871 1888 Ambaxa‘tores

1107 1919 1134 1940 2,
1159 1899 1195 1934 &
1232 1900 1391 1936 Nuntios
1429 1900 1624 1949 dirigamus
1663 1901 1872 1943 instruc‘ios,

1106 1971 1134 1990 ‚,
1161 1958 1202 1985 ut
1236 1951 1381 1998 expedit
1416 1951 1458 1987 ad
1494 1965 1642 2000 pacem,
1682 1952 1871 1989 secundum

1108 2021 1133 2041 ‚‚
1159 2001 1255 2049 quod
1285 2003 1427 2038 Domno
1457 2004 1568 2050 Papae
1589 2003 1789 2044 videbitur,
1815 2004 1862 2040 su-

1104 2073 1132 2091 „
1160 2051 1360 2088 beandam.
1410 2054 1590 2089 Praeterea
1631 2052 1731 2090 saeva
1775 2054 1870 2090 inter

1103 2122 1132 2141 ,‚‚
1157 2103 1339 2137 Cumanos
1359 2103 1394 2136 δε
1414 2103 1531 2138 civilis
1559 2103 1715 2151 agitatur
1738 2104 1869 2141 discor·

1104 2173 1130 2192 2,
1156 2150 1237 2190 dia,
1274 2164 1334 2199 per
1374 2165 1479 2199 quam
1520 2154 1641 2189 caedes
1675 2156 1710 2188 δε
1745 2155 1870 2191 ruinae

1102 2223 1131 2242 ‚,
1157 2214 1229 2236 non
1257 2201 1419 2238 modicae
1444 2203 1723 2238 committuntur
1746 2204 1791 2239 ad
1815 2204 1869 2240 in-

1102 2273 1130 2293 „
1159 2251 1274 2286 vicem
1312 2251 1407 2286 inter
1446 2264 1525 2286 eos.
1570 2253 1716 2300 Propter
1754 2266 1869 2301 quae.

1103 2326 1129 2345 „
1157 2302 1191 2336 &
1219 2301 1289 2337 alia
1325 2301 1605 2350 impedimenta,
1641 2316 1730 2352 quae
1766 2306 1868 2341 nobis.-

1105 2351 1347 2397 „imminere
1398 2352 1563 2389 videntur
1601 2355 1644 2390 ad
1686 2355 1866 2404 praesens,

1106 2430 1131 2449 „
1157 2402 1367 2440 Exercitum
1394 2403 1594 2441 distulimus
1622 2405 1728 2454 usque
1757 2406 1793 2443 in
1819 2421 1869 2443 re-

1103 2479 1130 2500 „
1156 2453 1274 2489 ditum
1303 2454 1589 2492 Ambaxatorum
1622 2457 1871 2494 Mediolanen-

1102 2532 1129 2551 „
1156 2503 1269 2544 sium,
1305 2505 1368 2553 qui
1397 2505 1530 2543 vadunt
1566 2507 1608 2543 ad
1644 2509 1791 2545 Curiam
1819 2508 1869 2543 fa—

1103 2584 1129 2603 „
1155 2554 1320 2592 ciendum
1344 2582 1356 2593 0
1405 2559 1506 2595 Haec
1556 2557 1872 2606 circumspeffiioni

1197 2608 1228 2642 R
1257 2619 1274 2640 r
1326 2619 1349 2643 2
1642 2634 1663 2648 ⁷·
1690 2608 1819 2645 vestrae
