2201 3021
277 209 365 276 ⁸³7
562 209 954 253 DrssERTATm
985 208 1508 268 QulNQUAGEs-ffla,
1718 208 1805 264 '⁶38

216 293 239 311 0,
264 268 427 309 daciam,
461 269 496 304 δε
524 280 611 316 quos
637 280 657 302 a
683 265 787 302 malis
819 265 977 304 festinata
1017 272 1052 305 A

265 320 304 357 in
332 319 434 356 unius
463 318 606 367 persona
642 329 754 364 poena
781 319 977 367 compesce-

268 380 343 411 ret,
371 371 543 420 protelata
578 366 721 404 forfitan
747 368 790 404 ad
825 368 890 406 illa
926 371 974 406 la-

266 430 369 458 xaret
391 444 403 462 ,
442 419 604 456 eumdem
644 419 846 456 Ecellinum
887 430 978 458 tam-

220 496 241 513 ..
268 485 371 521 quam
399 469 629 508 Haereticam
657 481 885 520 reputantes,
920 473 976 509 de·

266 523 439 560 crevimus
480 521 624 571 ipsum,
665 523 789 560 habito
829 522 977 561 fratrum

219 597 239 612 ‚,
265 573 458 610 nostrorum
512 573 659 610 confilio
683 598 695 614 ‚
746 575 978 626 promulgatis

220 647 240 663 ,‚
266 623 428 661 adversus
480 625 688 661 Haereticos
739 626 979 664 sanaionibus

219 698 240 713 υ
267 672 465 723 subjacere,
502 674 562 711 nifi
599 676 705 723 usque
732 678 773 712 ad
804 680 980 715 Kalendas

218 747 239 763 ²2

267 726 416 775 Augusti
467 736 550 763 tunc
595 726 756 776 proximo
808 727 979 766 secuturas

217 798 238 814 η
266 789 382 813 coram
425 778 528 814 nobis
574 791 775 826 comparere
815 791 979 822 curaret,

218 850 239 865 ι,
267 827 388 865 nostris
418 828 454 867 δ(
483 828 655 865 Ecclesiae
682 830 858 878 pariturus
885 846 976 881 prae-

266 878 369 924 cipue
416 880 645 928 beneplacitis
687 881 723 916 &
772 883 945 919 mandatis
970 909 980 918 .

218 951 238 967 υ
265 931 382 973 Quem
412 930 578 979 siquidem
617 931 810 967 terminum
848 932 908 968 fibi
935 947 980 969 ex

217 1002 237 1016 a,
266 981 377 1015 multa
414 981 634 1028 benignitate
664 983 886 1030 Apostolicae
923 986 980 1019 Se-

215 1052 236 1067 „
263 1028 317 1065 dis
353 1029 579 1070 indulfimus,
615 1043 694 1066 curn
731 1045 809 1067 eum
854 1032 979 1070 salvari

216 1103 236 1118 ‚,
265 1080 434 1118 vellemus
472 1079 693 1130 potiusquam
733 1082 867 1130 perire.
906 1084 980 1133 lpse

214 1153 237 1168 2,
265 1133 348 1167 vero
375 1139 497 1168 contra
527 1133 640 1167 Deum
662 1133 695 1168 &
724 1133 886 1170 homines
908 1137 980 1172 col-

262 1181 300 1217 lo
325 1182 532 1218 rebellionis
559 1192 731 1224 extento,
767 1183 803 1220 ἃ
834 1186 876 1220 ad
903 1199 980 1222 om-

229 1254 237 1269 ,
264 1244 344 1268 nem
378 1233 478 1270 Fidei
516 1233 736 1271 Christianae
772 1235 981 1273 inobedien-

227 1305 235 1319 ‚
263 1283 350 1318 tiam
396 1283 520 1326 spiritu
561 1284 755 1321 obfirmato
798 1296 979 1335 tamquam

214 1355 237 1371 „
265 1333 444 1381 prolapsus
472 1334 510 1370 in
542 1335 795 1381 desperationis
823 1339 979 1384 abyffum

261 1383 292 1418 8<
324 1383 470 1419 humani
495 1386 658 1430 pudoris,
685 1386 800 1422 divini
831 1389 979 1435 judicii,

228 1456 236 1470 .
262 1444 302 1467 ac
330 1432 490 1469 salutaris
517 1433 655 1470 consilii
684 1436 847 1479 pertinax
868 1437 978 1485 asper-

260 1491 384 1523 nator,
411 1484 638 1522 imminentia
677 1484 739 1522 fibi
777 1486 979 1525 discrimina

224 1557 232 1572 ›
259 1546 501 1585 quaecumque
542 1536 750 1576 contemsit,
790 1539 823 1573 δε
868 1540 979 1588 perire

225 1608 232 1622 ι
261 1585 379 1632 potius
421 1587 555 1636 eligens
590 1588 696 1635 quam
736 1601 877 1635 parere,
916 1603 978 1625 nec

260 1636 298 1673 in
327 1638 480 1675 termino
508 1637 569 1674 fibi
599 1652 643 1675 ex
671 1640 785 1675 multa
810 1639 978 1675 Ecclesia-

256 1686 361 1726 sticae
391 1688 631 1725 miserationis
663 1688 814 1723 lenitate
842 1689 980 1725 conces—

258 1737 318 1776 so,
346 1750 411 1773 nec
447 1736 666 1785 postmodum
696 1737 832 1774 diutius
859 1739 980 1789 exspe-

222 1809 230 1823 ‚
257 1786 372 1824 &atus
400 1787 520 1823 venire
548 1786 712 1824 curavit.
755 1790 831 1825 Nos
859 1800 978 1828 autem

210 1859 230 1875 η
257 1836 358 1874 illius
400 1838 560 1886 periculo
601 1838 829 1876 condolentes
865 1841 978 1878 adbuc

257 1888 437 1925 voluimus
468 1890 542 1936 ejus
579 1889 751 1926 duritiam
790 1890 894 1928 solita
923 1895 980 1930 Se-

211 1961 230 1976 „
257 1938 312 1976 dis
338 1939 568 1988 Apostolicae
597 1941 820 1991 benignitate
847 1944 977 1981 mulce-

221 2012 230 2027 ,
257 2003 317 2031 re,
344 1990 367 2026 si
396 1990 489 2028 forte
516 1992 558 2027 ad
587 1991 846 2042 suscipiendum
889 1993 978 2031 salu-

211 2063 230 2079 „
257 2040 305 2077 tis
332 2042 527 2079 remedium
554 2043 676 2093 aliqua
704 2044 742 2080 in
769 2058 812 2081 eo
840 2044 978 2083 scintil-

209 2114 230 2129 η
255 2092 289 2127 la
318 2091 467 2130 sanioris
494 2094 635 2132 consilii
662 2095 896 2136 remansisset,
923 2097 977 2143 ip-

207 2163 228 2178 „
255 2141 401 2191 sumque
436 2157 508 2181 non
547 2144 659 2181 solum
700 2144 805 2181 semel
832 2146 890 2182 vel
928 2146 977 2183 se-

225 2215 233 2230 ,
259 2196 373 2231 cundo
402 2194 456 2231 sed
486 2195 618 2244 pluries
645 2196 760 2231 immo
788 2196 976 2234 multoties

257 2243 299 2279 ad
337 2245 597 2281 misericordiae
635 2245 807 2293 judicium
835 2245 872 2282 ἃ
903 2247 975 2283 die-

208 2318 228 2333 „
255 2293 302 2330 tis
347 2294 524 2343 legitimis
572 2305 760 2333 evocatum
808 2296 974 2335 duximus

208 2370 229 2385 „
256 2344 410 2390 prolixis
437 2345 478 2382 ad
515 2346 794 2384 convincendam
828 2347 976 2386 inexcu-

209 2421 230 2436 ‚2
257 2396 402 2433 sabilem
440 2397 515 2444 ejus
555 2398 731 2435 malitiam
771 2408 973 2448 temporum

211 2471 231 2486 η
259 2446 380 2495 spatiis
409 2448 679 2495 exspeaandum
697 2477 706 2486 .
744 2451 854 2486 Porro
880 2450 974 2488 idem

209 2522 230 2535 „
257 2497 342 2534 ficut
380 2498 508 2549 aspidis
549 2500 764 2537 surdiffimae
802 2500 897 2538 filius
932 2501 974 2539 ad

213 2572 232 2588 2³

260 2562 404 2588 omnem
436 2551 629 2590 monitoris
657 2565 781 2590 vocem
807 2554 977 2590 obturans

1017 1630 1052 1664 D

1095 291 1115 305 „
1142 264 1325 303 auditum,
1366 265 1436 312 jam
1480 276 1541 312 per
1580 264 1640 311 seg
1681 279 1790 303 annos
1826 265 1862 304 83

1095 342 1116 357 ‚‚
1142 314 1293 365 amplius
1336 313 1564 357 vocationis,
1605 316 1862 365 longanimita-

1096 392 1118 408 ,‚
1145 366 1214 406 tis,
1250 367 1284 401 8<
1326 363 1586 414 expectationis
1627 368 1760 405 nostrae
1801 382 1861 417 pa·

1095 444 1116 459 ‚,
1142 416 1271 454 tientia
1297 416 1342 453 est
1378 415 1526 453 abusus.
1565 417 1641 452 Nos
1677 417 1788 466 igitur
1816 433 1861 457 ex

1096 468 1191 511 „iis
1232 469 1480 508 attendentes,
1521 467 1616 516 quod
1657 467 1861 508 diuturnior

1096 547 1117 562 ‚‚
1143 534 1225 570 erga
1262 520 1424 557 eumdem
1465 518 1669 556 Ecellinum
1706 519 1861 556 toleran-

1096 598 1115 613 „
1142 576 1215 608 tiae
1258 572 1369 621 pietas
1405 571 1444 607 in
1482 583 1708 608 communem
1752 571 1861 620 poffet

1094 649 1116 664 „
1142 623 1334 659 redundare
1374 622 1592 673 perniciem,
1630 620 1668 659 &
1710 622 1861 659 ulterior

1095 699 1114 715 ‚,
1140 674 1359 723 exspestatio
1398 674 1493 711 nihil
1519 682 1724 720 operaretur
1749 673 1790 710 in
1816 685 1860 710 eo

1093 750 1114 766 ‚‚
1141 725 1203 761 nifi
1235 725 1496 762 contumaciam
1533 725 1572 763 ἃ
1611 733 1860 766 contemtum,

1093 800 1113 817 ‚,
1139 789 1184 812 ne
1210 784 1349 812 tantum
1379 777 1510 813 malum
1543 776 1582 813 in
1611 776 1726 812 medio
1752 775 1860 812 Chri-

1093 852 1114 868 „
1141 826 1244 864 stiani
1274 828 1402 876 Populi
1429 827 1565 864 diutius
1587 827 1781 863 toleratum
1812 827 1861 863 la·

1092 904 1112 919 ‚‚
1139 877 1210 915 tius
1253 888 1480 928 pervagetur,
1518 880 1560 915 de
1598 876 1860 926 praediciorum

1092 955 1112 970 ‚,
1140 932 1304 966 Fratrum
1333 930 1526 966 nostrorum
1556 928 1726 970 consilio,
1764 941 1861 977 prae·

1091 1005 1112 1021 ‚,
1139 980 1235 1018 sente
1278 981 1455 1018 Fidelium
1500 981 1637 1029 Populo
1662 1003 1674 1020 ,
1715 979 1780 1028 qui
1821 979 1860 1015 in

1092 1056 1112 1072 ‚‚
1139 1031 1198 1066 die
1240 1031 1385 1068 Coenae
1430 1031 1581 1068 Domini
1632 1044 1676 1067 ex
1717 1029 1860 1066 diverfis

1091 1109 1111 1123 ‚,
1141 1082 1271 1118 Mundi
1320 1083 1476 1131 partibus
1519 1082 1562 1118 ad
1607 1081 1860 1127 Apostolorum

1091 1159 1111 1173 ‚‚
1138 1132 1266 1168 limina
1294 1133 1336 1169 de
1365 1146 1462 1170 more
1490 1131 1689 1171 confluxit,
1727 1129 1860 1180 praefa-

1091 1210 1112 1224 „
1140 1192 1216 1219 tum
1264 1185 1466 1221 Ecellinum
1508 1182 1595 1220 ficut
1636 1181 1858 1219 manifestum

1091 1262 1111 1275 „
1139 1235 1370 1271 Haereticum
1412 1234 1673 1272 sententialiter
1724 1232 1859 1283 judica-

1090 1313 1110 1328 „
1137 1298 1234 1327 mus,
1275 1286 1390 1335 ipsum
1431 1285 1781 1324 excommunicatum
1819 1283 1856 1318 &

1091 1363 1110 1377 „
1139 1337 1477 1374 anathematizatum
1507 1358 1512 1367 ι
1538 1349 1618 1372 cum
1679 1332 1858 1371 damnatis

1089 1413 1109 1427 ‚,
1137 1388 1337 1422 Haereticis
1363 1386 1588 1433 deputando,
1616 1384 1790 1431 adscripta
1816 1381 1864 1416 il-

1089 1461 1108 1475 „
1136 1435 1181 1470 lis
1217 1435 1458 1471 damnationis
1494 1432 1665 1482 stipendia
1699 1439 1859 1481 receptu-

1088 1510 1108 1525 „
1135 1498 1235 1520 rum:
1279 1498 1383 1532 quem
1424 1484 1447 1520 fi
1486 1483 1629 1520 forsitan
1668 1482 1776 1531 usque
1813 1481 1857 1518 ad

1089 1561 1108 1575 ‚,
1136 1535 1273 1570 festum
1296 1534 1517 1570 Ascenfionis
1540 1532 1754 1568 Dominicae
1779 1545 1857 1579 pro-

1090 1611 1110 1625 „
1136 1585 1239 1621 ximo
1276 1593 1464 1620 venturum
1486 1609 1497 1624 ‚
1539 1583 1581 1619 ad
1625 1583 1856 1632 praesentiam

1089 1661 1109 1676 ,‚
1136 1635 1286 1671 nostram
1330 1634 1561 1683 personaliter
1598 1634 1759 1677 venerit,
1797 1647 1857 1670 au-

1091 1711 1110 1726 „
1137 1685 1304 1735 diemus3
1343 1686 1438 1735 quod
1478 1686 1521 1722 de
1562 1683 1858 1722 abundantiffima

1090 1762 1110 1778 ‚,
1138 1737 1334 1786 praedietae
1383 1736 1480 1773 Sedis
1521 1736 1714 1774 clementia
1753 1734 1858 1774 duxi-

1090 1813 1110 1829 „
1137 1801 1214 1825 mus
1242 1788 1525 1838 adjungendum,

1140 1889 1255 1935 Dixi,
1283 1889 1477 1927 concessam
1505 1888 1606 1927 fuisse
1633 1887 1858 1927 Civitatibus

1090 1941 1212 1978 liberis
1233 1940 1440 1979 facultatem
1463 1941 1637 1978 condendi
1663 1954 1771 1977 novas
1792 1941 1861 1978 Le-

1089 2006 1171 2042 ge5‚
1198 2006 1288 2042 quae
1309 1998 1448 2029 Statura
1467 1994 1663 2043 appellatae
1689 1993 1759 2041 jam
1782 2001 1860 2028 tum

1089 2044 1253 2089 fuerunt,
1294 2045 1329 2080 &
1366 2044 1479 2081 adhuc
1516 2044 1766 2092 appellantur.
1806 2045 1859 2080 De

1021 2084 1061 2118 E*
1088 2094 1133 2129 iis
1161 2094 1282 2140 aliqua
1308 2094 1485 2139 praefatus
1513 2094 1586 2130 sum
1619 2094 1657 2131 in
1688 2093 1858 2131 Disserta-

1087 2143 1190 2180 tione
1225 2143 1343 2179 XXII.
1384 2146 1425 2179 de
1466 2141 1609 2188 Legibus
1650 2145 1842 2178 Italicorum
1853 2151 1866 2181 .’

1090 2196 1201 2230 Pauca
1243 2206 1338 2229 nunc
1378 2193 1494 2230 addo.
1535 2193 1684 2228 Saeculo
1724 2192 1860 2230 Christi

1066 2242 1314 2281 rDuodecimo
1367 2242 1602 2291 municipales
1653 2240 1858 2290 hujusmodi

1087 2297 1201 2343 Leges
1228 2302 1375 2342 coeptae
1403 2293 1482 2330 sunt
1510 2292 1755 2342 promulgari:
1786 2296 1860 2344 ple·

1088 2345 1167 2383 nius
1194 2347 1279 2381 verb
1314 2343 1538 2394 subsequenti
1576 2344 1703 2382 seculo
1724 2371 1735 2387 ‚
1779 2358 1860 2386 nam

1087 2411 1130 2434 ex
1157 2396 1204 2433 iis
1233 2395 1395 2446 singulae
1423 2396 1603 2434 Civitates
1638 2409 1764 2444 corpus
1803 2398 1861 2437 seu

1094 2447 1277 2497 Regesium
1330 2448 1587 2485 efformarunt.
1633 2447 1863 2500 Quicumque

1090 2499 1291 2549 eligebatur
1319 2501 1465 2537 Praetor
1502 2499 1569 2535 sive
1598 2499 1777 2541 Potestas,
1815 2500 1864 2538 sa·²

1091 2559 1284 2589 eramento
1320 2550 1391 2588 {ese
1415 2550 1653 2602 obstringebat
1680 2550 1723 2587 ad
1750 2551 1865 2590 obsce

1677 2603 1792 2642 vanda
