<?xml version="1.0" encoding="UTF-8"?>
<!DOCTYPE html PUBLIC "-//W3C//DTD XHTML 1.0 Transitional//EN"
    "http://www.w3.org/TR/xhtml1/DTD/xhtml1-transitional.dtd">
<html xmlns="http://www.w3.org/1999/xhtml" xml:lang="en" lang="en">
 <head>
  <title>
</title>
<meta http-equiv="Content-Type" content="text/html;charset=utf-8" />
  <meta name='ocr-system' content='tesseract 3.04.00' />
  <meta name='ocr-capabilities' content='ocr_page ocr_carea ocr_par ocr_line ocrx_word'/>
</head>
<body>
  <div class='ocr_page' id='page_1' title='image "antiquitatesital10mura_0301.png"; bbox 0 0 2201 3021; ppageno 0'>
   <div class='ocr_carea' id='block_1_1' title="bbox 241 217 325 260">
    <p class='ocr_par' dir='ltr' id='par_1_1' title="bbox 241 217 325 260">
     <span class='ocr_line' id='line_1_1' title="bbox 241 217 325 260; baseline 0 0"><span class='ocrx_word' id='word_1_1' title='bbox 241 217 325 260; x_wconf 78' lang='lat'>577</span> 
     </span>
    </p>
   </div>
   <div class='ocr_carea' id='block_1_2' title="bbox 524 200 1467 263">
    <p class='ocr_par' dir='ltr' id='par_1_2' title="bbox 524 200 1467 263">
     <span class='ocr_line' id='line_1_2' title="bbox 524 200 1467 263; baseline -0.002 -18"><span class='ocrx_word' id='word_1_2' title='bbox 524 200 913 245; x_wconf 67' lang='lat' dir='ltr'><em>DISSERTATJO</em></span> <span class='ocrx_word' id='word_1_3' title='bbox 944 201 1467 263; x_wconf 54' lang='lat' dir='ltr'>QUINQUfiGESIMA.</span> 
     </span>
    </p>
   </div>
   <div class='ocr_carea' id='block_1_3' title="bbox 1671 210 1752 265">
    <p class='ocr_par' dir='ltr' id='par_1_3' title="bbox 1671 210 1752 265">
     <span class='ocr_line' id='line_1_3' title="bbox 1671 210 1752 265; baseline -0.062 0"><span class='ocrx_word' id='word_1_4' title='bbox 1671 210 1752 265; x_wconf 79' lang='lat'>578</span> 
     </span>
    </p>
   </div>
   <div class='ocr_carea' id='block_1_4' title="bbox 178 256 1813 310">
    <p class='ocr_par' dir='ltr' id='par_1_4' title="bbox 178 256 1813 310">
     <span class='ocr_line' id='line_1_4' title="bbox 178 256 1813 310; baseline 0.002 -12"><span class='ocrx_word' id='word_1_5' title='bbox 178 281 200 298; x_wconf 74' lang='lat' dir='ltr'>n</span> <span class='ocrx_word' id='word_1_6' title='bbox 226 273 365 298; x_wconf 82' lang='lat' dir='ltr'>xatores</span> <span class='ocrx_word' id='word_1_7' title='bbox 401 262 436 297; x_wconf 81' lang='lat'>8&lt;</span> <span class='ocrx_word' id='word_1_8' title='bbox 464 258 606 306; x_wconf 81' lang='lat' dir='ltr'>syndici</span> <span class='ocrx_word' id='word_1_9' title='bbox 641 257 808 293; x_wconf 83' lang='lat' dir='ltr'>habentes</span> <span class='ocrx_word' id='word_1_10' title='bbox 842 257 941 305; x_wconf 78' lang='lat' dir='ltr'>super</span> <span class='ocrx_word' id='word_1_11' title='bbox 979 271 1015 303; x_wconf 77' lang='lat' dir='ltr'>A</span> <span class='ocrx_word' id='word_1_12' title='bbox 1054 281 1075 296; x_wconf 88' lang='lat'>‚,</span> <span class='ocrx_word' id='word_1_13' title='bbox 1102 268 1254 292; x_wconf 74' lang='lat' dir='ltr'>nimicos</span> <span class='ocrx_word' id='word_1_14' title='bbox 1290 256 1389 301; x_wconf 86' lang='lat' dir='ltr'>suos,</span> <span class='ocrx_word' id='word_1_15' title='bbox 1417 258 1485 294; x_wconf 87' lang='lat' dir='ltr'>five</span> <span class='ocrx_word' id='word_1_16' title='bbox 1520 260 1668 310; x_wconf 83' lang='lat' dir='ltr'>alicujus</span> <span class='ocrx_word' id='word_1_17' title='bbox 1696 266 1738 301; x_wconf 85' lang='lat' dir='ltr'>de</span> <span class='ocrx_word' id='word_1_18' title='bbox 1763 264 1813 301; x_wconf 76' lang='lat' dir='ltr'>di·</span> 
     </span>
    </p>
   </div>
   <div class='ocr_carea' id='block_1_5' title="bbox 176 307 1013 2020">
    <p class='ocr_par' dir='ltr' id='par_1_5' title="bbox 176 307 1013 2020">
     <span class='ocr_line' id='line_1_5' title="bbox 179 307 940 361; baseline -0.004 -12"><span class='ocrx_word' id='word_1_19' title='bbox 179 330 201 351; x_wconf 71' lang='lat'>„</span> <span class='ocrx_word' id='word_1_20' title='bbox 227 311 450 361; x_wconf 80' lang='lat' dir='ltr'>infrascripta</span> <span class='ocrx_word' id='word_1_21' title='bbox 484 323 504 345; x_wconf 83' lang='lat' dir='ltr'>a</span> <span class='ocrx_word' id='word_1_22' title='bbox 536 307 605 344; x_wconf 82' lang='lat' dir='ltr'>suis</span> <span class='ocrx_word' id='word_1_23' title='bbox 640 307 808 344; x_wconf 84' lang='lat' dir='ltr'>omnibus</span> <span class='ocrx_word' id='word_1_24' title='bbox 844 308 940 346; x_wconf 86' lang='lat' dir='ltr'>Uni-</span> 
     </span>
     <span class='ocr_line' id='line_1_6' title="bbox 181 357 938 407; baseline -0.004 -8"><span class='ocrx_word' id='word_1_25' title='bbox 181 384 202 401; x_wconf 75' lang='lat'><strong>„</strong></span> <span class='ocrx_word' id='word_1_26' title='bbox 227 362 444 400; x_wconf 84' lang='lat' dir='ltr'>verfitatibus</span> <span class='ocrx_word' id='word_1_27' title='bbox 480 361 516 394; x_wconf 74' lang='grc' dir='ltr'>δε</span> <span class='ocrx_word' id='word_1_28' title='bbox 555 357 756 395; x_wconf 75' lang='lat' dir='ltr'>Batonibus</span> <span class='ocrx_word' id='word_1_29' title='bbox 796 359 938 407; x_wconf 86' lang='lat' dir='ltr'>plenum</span> 
     </span>
     <span class='ocr_line' id='line_1_7' title="bbox 180 408 939 459; baseline -0.004 -10"><span class='ocrx_word' id='word_1_30' title='bbox 180 433 201 451; x_wconf 71' lang='grc' dir='ltr'><strong>υ</strong></span> <span class='ocrx_word' id='word_1_31' title='bbox 228 415 428 450; x_wconf 85' lang='lat' dir='ltr'>mandatum</span> <span class='ocrx_word' id='word_1_32' title='bbox 450 411 484 445; x_wconf 79' lang='lat'>8&lt;</span> <span class='ocrx_word' id='word_1_33' title='bbox 507 408 709 458; x_wconf 81' lang='lat' dir='ltr'>potestatem</span> <span class='ocrx_word' id='word_1_34' title='bbox 723 436 735 454; x_wconf 90' lang='lat'>,</span> <span class='ocrx_word' id='word_1_35' title='bbox 754 419 859 458; x_wconf 86' lang='lat' dir='ltr'>prout</span> <span class='ocrx_word' id='word_1_36' title='bbox 883 424 939 459; x_wconf 82' lang='lat' dir='ltr'>pa-</span> 
     </span>
     <span class='ocr_line' id='line_1_8' title="bbox 179 460 939 510; baseline -0.004 -10"><span class='ocrx_word' id='word_1_37' title='bbox 179 483 203 503; x_wconf 74' lang='grc' dir='ltr'>ι,</span> <span class='ocrx_word' id='word_1_38' title='bbox 231 472 284 500; x_wconf 86' lang='lat' dir='ltr'>tet</span> <span class='ocrx_word' id='word_1_39' title='bbox 318 475 361 498; x_wconf 84' lang='lat' dir='ltr'>cx</span> <span class='ocrx_word' id='word_1_40' title='bbox 386 460 630 498; x_wconf 76' lang='lat' dir='ltr'>Instrumentis</span> <span class='ocrx_word' id='word_1_41' title='bbox 667 460 840 510; x_wconf 83' lang='lat' dir='ltr'>publicis,</span> <span class='ocrx_word' id='word_1_42' title='bbox 871 461 939 498; x_wconf 88' lang='lat' dir='ltr'>ibi-</span> 
     </span>
     <span class='ocr_line' id='line_1_9' title="bbox 181 510 940 561; baseline -0.003 -11"><span class='ocrx_word' id='word_1_43' title='bbox 181 534 202 552; x_wconf 74' lang='lat'>2,</span> <span class='ocrx_word' id='word_1_44' title='bbox 229 515 307 549; x_wconf 87' lang='lat' dir='ltr'>dem</span> <span class='ocrx_word' id='word_1_45' title='bbox 333 524 352 547; x_wconf 88' lang='lat' dir='ltr'>a</span> <span class='ocrx_word' id='word_1_46' title='bbox 379 510 547 559; x_wconf 68' lang='lat' dir='ltr'>prediais</span> <span class='ocrx_word' id='word_1_47' title='bbox 579 513 745 548; x_wconf 85' lang='lat' dir='ltr'>omnibus</span> <span class='ocrx_word' id='word_1_48' title='bbox 772 514 940 561; x_wconf 84' lang='lat' dir='ltr'>approba-</span> 
     </span>
     <span class='ocr_line' id='line_1_10' title="bbox 180 561 939 601; baseline 0.003 -4"><span class='ocrx_word' id='word_1_49' title='bbox 180 585 199 601; x_wconf 90' lang='lat'>‚,</span> <span class='ocrx_word' id='word_1_50' title='bbox 227 565 296 598; x_wconf 85' lang='lat' dir='ltr'>tis:</span> <span class='ocrx_word' id='word_1_51' title='bbox 335 561 378 597; x_wconf 86' lang='lat' dir='ltr'>ad</span> <span class='ocrx_word' id='word_1_52' title='bbox 418 561 586 598; x_wconf 84' lang='lat' dir='ltr'>honorem</span> <span class='ocrx_word' id='word_1_53' title='bbox 628 562 696 598; x_wconf 92' lang='lat' dir='ltr'>Dei</span> <span class='ocrx_word' id='word_1_54' title='bbox 732 561 772 599; x_wconf 92' lang='lat'>&amp;</span> <span class='ocrx_word' id='word_1_55' title='bbox 813 564 939 599; x_wconf 84' lang='lat' dir='ltr'>Beatae</span> 
     </span>
     <span class='ocr_line' id='line_1_11' title="bbox 179 611 940 662; baseline 0 -12"><span class='ocrx_word' id='word_1_56' title='bbox 179 634 198 650; x_wconf 72' lang='lat' dir='ltr'>n</span> <span class='ocrx_word' id='word_1_57' title='bbox 225 611 368 648; x_wconf 84' lang='lat' dir='ltr'>Mariae</span> <span class='ocrx_word' id='word_1_58' title='bbox 393 613 579 662; x_wconf 83' lang='lat' dir='ltr'>Virginis,</span> <span class='ocrx_word' id='word_1_59' title='bbox 601 612 640 649; x_wconf 73' lang='grc' dir='ltr'>ἃ</span> <span class='ocrx_word' id='word_1_60' title='bbox 667 614 830 650; x_wconf 89' lang='lat' dir='ltr'>omnium</span> <span class='ocrx_word' id='word_1_61' title='bbox 858 617 940 650; x_wconf 90' lang='lat' dir='ltr'>San-</span> 
     </span>
     <span class='ocr_line' id='line_1_12' title="bbox 177 661 940 707; baseline 0.003 -8"><span class='ocrx_word' id='word_1_62' title='bbox 177 684 197 699; x_wconf 73' lang='lat'><strong>„</strong></span> <span class='ocrx_word' id='word_1_63' title='bbox 224 661 388 707; x_wconf 68' lang='lat' dir='ltr'>&amp;oi-um,</span> <span class='ocrx_word' id='word_1_64' title='bbox 415 664 450 699; x_wconf 85' lang='lat'>8&lt;</span> <span class='ocrx_word' id='word_1_65' title='bbox 485 662 623 699; x_wconf 62' lang='lat' dir='ltr'>sanfitae</span> <span class='ocrx_word' id='word_1_66' title='bbox 659 664 782 699; x_wconf 86' lang='lat' dir='ltr'>matris</span> <span class='ocrx_word' id='word_1_67' title='bbox 819 666 940 701; x_wconf 88' lang='lat' dir='ltr'>Eccle-</span> 
     </span>
     <span class='ocr_line' id='line_1_13' title="bbox 177 711 1013 760; baseline 0.002 -12"><span class='ocrx_word' id='word_1_68' title='bbox 177 734 199 750; x_wconf 60' lang='grc' dir='ltr'><em>η</em></span> <span class='ocrx_word' id='word_1_69' title='bbox 225 711 291 749; x_wconf 75' lang='lat' dir='ltr'>fiae</span> <span class='ocrx_word' id='word_1_70' title='bbox 318 716 519 754; x_wconf 79' lang='lat' dir='ltr'>Romanae,</span> <span class='ocrx_word' id='word_1_71' title='bbox 538 712 579 751; x_wconf 85' lang='lat'>&amp;</span> <span class='ocrx_word' id='word_1_72' title='bbox 606 715 739 749; x_wconf 86' lang='lat' dir='ltr'><em>Domini</em></span> <span class='ocrx_word' id='word_1_73' title='bbox 765 715 860 760; x_wconf 71' lang='lat' dir='ltr'>nestri</span> <span class='ocrx_word' id='word_1_74' title='bbox 886 719 940 750; x_wconf 89' lang='lat' dir='ltr'>ln·</span> <span class='ocrx_word' id='word_1_75' title='bbox 986 718 1013 753; x_wconf 86' lang='lat' dir='ltr'>B</span> 
     </span>
     <span class='ocr_line' id='line_1_14' title="bbox 178 763 941 814; baseline 0.003 -14"><span class='ocrx_word' id='word_1_76' title='bbox 178 785 200 802; x_wconf 64' lang='grc' dir='ltr'>η</span> <span class='ocrx_word' id='word_1_77' title='bbox 225 766 365 800; x_wconf 83' lang='lat' dir='ltr'>nocentii</span> <span class='ocrx_word' id='word_1_78' title='bbox 393 768 448 802; x_wconf 87' lang='lat' dir='ltr'>IV.</span> <span class='ocrx_word' id='word_1_79' title='bbox 472 765 543 801; x_wconf 90' lang='lat' dir='ltr'>Dei</span> <span class='ocrx_word' id='word_1_80' title='bbox 570 765 682 814; x_wconf 68' lang='lat' dir='ltr'>gratia</span> <span class='ocrx_word' id='word_1_81' title='bbox 707 763 844 801; x_wconf 58' lang='lat' dir='ltr'>sanetae</span> <span class='ocrx_word' id='word_1_82' title='bbox 871 768 941 802; x_wconf 88' lang='lat' dir='ltr'>Ro-</span> 
     </span>
     <span class='ocr_line' id='line_1_15' title="bbox 180 814 940 862; baseline 0.003 -13"><span class='ocrx_word' id='word_1_83' title='bbox 180 836 199 851; x_wconf 74' lang='lat'><em>„</em></span> <span class='ocrx_word' id='word_1_84' title='bbox 228 828 349 852; x_wconf 82' lang='lat' dir='ltr'>manae</span> <span class='ocrx_word' id='word_1_85' title='bbox 386 814 559 852; x_wconf 83' lang='lat' dir='ltr'>Ecclefiae</span> <span class='ocrx_word' id='word_1_86' title='bbox 597 814 708 861; x_wconf 71' lang='lat' dir='ltr'>flammi</span> <span class='ocrx_word' id='word_1_87' title='bbox 744 817 940 862; x_wconf 80' lang='lat' dir='ltr'>Pontificis,</span> 
     </span>
     <span class='ocr_line' id='line_1_16' title="bbox 180 866 941 916; baseline -0.001 -12"><span class='ocrx_word' id='word_1_88' title='bbox 180 889 200 904; x_wconf 63' lang='grc' dir='ltr'>ι,</span> <span class='ocrx_word' id='word_1_89' title='bbox 227 867 262 902; x_wconf 77' lang='lat'>8&lt;</span> <span class='ocrx_word' id='word_1_90' title='bbox 285 866 421 903; x_wconf 86' lang='lat' dir='ltr'>suorum</span> <span class='ocrx_word' id='word_1_91' title='bbox 441 870 626 908; x_wconf 80' lang='lat' dir='ltr'>Fratrum,</span> <span class='ocrx_word' id='word_1_92' title='bbox 645 867 679 902; x_wconf 86' lang='lat'>&amp;</span> <span class='ocrx_word' id='word_1_93' title='bbox 699 866 849 916; x_wconf 73' lang='lat' dir='ltr'>prediffi</span> <span class='ocrx_word' id='word_1_94' title='bbox 869 870 941 903; x_wconf 92' lang='lat' dir='ltr'>Do-</span> 
     </span>
     <span class='ocr_line' id='line_1_17' title="bbox 178 916 941 966; baseline 0.001 -14"><span class='ocrx_word' id='word_1_95' title='bbox 178 940 199 954; x_wconf 81' lang='lat'>„</span> <span class='ocrx_word' id='word_1_96' title='bbox 227 916 318 966; x_wconf 74' lang='lat' dir='ltr'>mini</span> <span class='ocrx_word' id='word_1_97' title='bbox 345 917 536 954; x_wconf 56' lang='lat' dir='ltr'>oskaviani</span> <span class='ocrx_word' id='word_1_98' title='bbox 566 917 712 954; x_wconf 64' lang='lat' dir='ltr'>SanS‘tae</span> <span class='ocrx_word' id='word_1_99' title='bbox 738 917 877 954; x_wconf 83' lang='lat' dir='ltr'>Mariae</span> <span class='ocrx_word' id='word_1_100' title='bbox 903 918 941 954; x_wconf 89' lang='lat' dir='ltr'>in</span> 
     </span>
     <span class='ocr_line' id='line_1_18' title="bbox 178 967 941 1012; baseline 0.004 -9"><span class='ocrx_word' id='word_1_101' title='bbox 178 989 198 1004; x_wconf 61' lang='grc' dir='ltr'>ι,</span> <span class='ocrx_word' id='word_1_102' title='bbox 226 968 292 1001; x_wconf 84' lang='lat' dir='ltr'>Via</span> <span class='ocrx_word' id='word_1_103' title='bbox 330 968 402 1003; x_wconf 83' lang='lat' dir='ltr'>lata</span> <span class='ocrx_word' id='word_1_104' title='bbox 443 968 599 1004; x_wconf 87' lang='lat' dir='ltr'>Diaconi</span> <span class='ocrx_word' id='word_1_105' title='bbox 638 967 866 1012; x_wconf 81' lang='lat' dir='ltr'>Cardinalis,</span> <span class='ocrx_word' id='word_1_106' title='bbox 904 967 941 1006; x_wconf 88' lang='lat'>&amp;</span> 
     </span>
     <span class='ocr_line' id='line_1_19' title="bbox 180 1016 942 1063; baseline 0.007 -12"><span class='ocrx_word' id='word_1_107' title='bbox 180 1041 201 1055; x_wconf 69' lang='lat'>.,</span> <span class='ocrx_word' id='word_1_108' title='bbox 228 1016 270 1052; x_wconf 84' lang='lat' dir='ltr'>ad</span> <span class='ocrx_word' id='word_1_109' title='bbox 297 1017 490 1058; x_wconf 72' lang='lat' dir='ltr'>honorem,</span> <span class='ocrx_word' id='word_1_110' title='bbox 521 1020 651 1054; x_wconf 90' lang='lat' dir='ltr'>bonum</span> <span class='ocrx_word' id='word_1_111' title='bbox 675 1018 824 1063; x_wconf 84' lang='lat' dir='ltr'>statum,</span> <span class='ocrx_word' id='word_1_112' title='bbox 849 1020 883 1055; x_wconf 91' lang='lat'>&amp;</span> <span class='ocrx_word' id='word_1_113' title='bbox 905 1033 942 1056; x_wconf 90' lang='lat' dir='ltr'>u-</span> 
     </span>
     <span class='ocr_line' id='line_1_20' title="bbox 178 1067 942 1110; baseline 0 -5"><span class='ocrx_word' id='word_1_114' title='bbox 178 1091 196 1105; x_wconf 68' lang='lat'><em>„</em></span> <span class='ocrx_word' id='word_1_115' title='bbox 225 1067 397 1104; x_wconf 81' lang='lat' dir='ltr'>tilitatem</span> <span class='ocrx_word' id='word_1_116' title='bbox 448 1068 722 1110; x_wconf 76' lang='lat' dir='ltr'>Lombarclorum,</span> <span class='ocrx_word' id='word_1_117' title='bbox 769 1072 942 1105; x_wconf 78' lang='lat' dir='ltr'>Marchiae</span> 
     </span>
     <span class='ocr_line' id='line_1_21' title="bbox 179 1119 942 1165; baseline 0.008 -14"><span class='ocrx_word' id='word_1_118' title='bbox 179 1139 198 1156; x_wconf 63' lang='lat'>2,</span> <span class='ocrx_word' id='word_1_119' title='bbox 227 1119 439 1165; x_wconf 59' lang='lat' dir='ltr'>Triwssuae,</span> <span class='ocrx_word' id='word_1_120' title='bbox 467 1120 503 1154; x_wconf 57' lang='grc' dir='ltr'>ἔθ’</span> <span class='ocrx_word' id='word_1_121' title='bbox 530 1122 763 1160; x_wconf 78' lang='lat' dir='ltr'>Romaniolae‚</span> <span class='ocrx_word' id='word_1_122' title='bbox 790 1121 824 1155; x_wconf 86' lang='lat'>&amp;</span> <span class='ocrx_word' id='word_1_123' title='bbox 852 1120 942 1157; x_wconf 82' lang='lat' dir='ltr'>alio-</span> 
     </span>
     <span class='ocr_line' id='line_1_22' title="bbox 178 1169 1012 1208; baseline 0 -1"><span class='ocrx_word' id='word_1_124' title='bbox 178 1190 199 1207; x_wconf 82' lang='lat'>»</span> <span class='ocrx_word' id='word_1_125' title='bbox 227 1181 304 1204; x_wconf 88' lang='lat' dir='ltr'>rum</span> <span class='ocrx_word' id='word_1_126' title='bbox 340 1170 527 1207; x_wconf 84' lang='lat' dir='ltr'>hominum</span> <span class='ocrx_word' id='word_1_127' title='bbox 563 1170 832 1208; x_wconf 85' lang='lat' dir='ltr'>adhaerentium</span> <span class='ocrx_word' id='word_1_128' title='bbox 869 1171 942 1207; x_wconf 85' lang='lat' dir='ltr'>san·</span> <span class='ocrx_word' id='word_1_129' title='bbox 979 1169 1012 1207; x_wconf 87' lang='lat' dir='ltr'>C</span> 
     </span>
     <span class='ocr_line' id='line_1_23' title="bbox 179 1218 941 1259; baseline 0.003 -3"><span class='ocrx_word' id='word_1_130' title='bbox 179 1242 199 1257; x_wconf 72' lang='lat'>2,</span> <span class='ocrx_word' id='word_1_131' title='bbox 226 1218 303 1255; x_wconf 67' lang='lat' dir='ltr'>&amp;tae</span> <span class='ocrx_word' id='word_1_132' title='bbox 332 1222 512 1258; x_wconf 82' lang='lat' dir='ltr'>Romanae</span> <span class='ocrx_word' id='word_1_133' title='bbox 539 1222 712 1258; x_wconf 79' lang='lat' dir='ltr'>Ecclefiae</span> <span class='ocrx_word' id='word_1_134' title='bbox 744 1222 851 1258; x_wconf 88' lang='lat' dir='ltr'>matri</span> <span class='ocrx_word' id='word_1_135' title='bbox 878 1236 941 1259; x_wconf 90' lang='lat' dir='ltr'>no-</span> 
     </span>
     <span class='ocr_line' id='line_1_24' title="bbox 178 1269 942 1313; baseline 0.005 -8"><span class='ocrx_word' id='word_1_136' title='bbox 178 1292 199 1307; x_wconf 76' lang='lat'>„</span> <span class='ocrx_word' id='word_1_137' title='bbox 226 1269 309 1306; x_wconf 85' lang='lat' dir='ltr'>strae</span> <span class='ocrx_word' id='word_1_138' title='bbox 322 1297 332 1313; x_wconf 85' lang='lat'><strong>‚</strong></span> <span class='ocrx_word' id='word_1_139' title='bbox 352 1272 430 1308; x_wconf 84' lang='lat' dir='ltr'>vice</span> <span class='ocrx_word' id='word_1_140' title='bbox 449 1274 484 1307; x_wconf 74' lang='grc' dir='ltr'>δε</span> <span class='ocrx_word' id='word_1_141' title='bbox 505 1273 647 1309; x_wconf 86' lang='lat' dir='ltr'>nomine</span> <span class='ocrx_word' id='word_1_142' title='bbox 670 1272 810 1309; x_wconf 83' lang='lat' dir='ltr'>suorum</span> <span class='ocrx_word' id='word_1_143' title='bbox 830 1271 942 1309; x_wconf 86' lang='lat' dir='ltr'>Com-</span> 
     </span>
     <span class='ocr_line' id='line_1_25' title="bbox 178 1322 942 1368; baseline 0.005 -12"><span class='ocrx_word' id='word_1_144' title='bbox 178 1341 200 1359; x_wconf 76' lang='lat'>„</span> <span class='ocrx_word' id='word_1_145' title='bbox 227 1322 414 1366; x_wconf 83' lang='lat' dir='ltr'>munium,</span> <span class='ocrx_word' id='word_1_146' title='bbox 444 1323 746 1368; x_wconf 83' lang='lat' dir='ltr'>Univerfitatum‚</span> <span class='ocrx_word' id='word_1_147' title='bbox 776 1324 809 1359; x_wconf 90' lang='lat'>&amp;</span> <span class='ocrx_word' id='word_1_148' title='bbox 839 1325 942 1360; x_wconf 88' lang='lat' dir='ltr'>Baro-</span> 
     </span>
     <span class='ocr_line' id='line_1_26' title="bbox 178 1371 941 1419; baseline 0.003 -12"><span class='ocrx_word' id='word_1_149' title='bbox 178 1393 198 1408; x_wconf 70' lang='lat'>„</span> <span class='ocrx_word' id='word_1_150' title='bbox 227 1384 310 1406; x_wconf 87' lang='lat' dir='ltr'>num</span> <span class='ocrx_word' id='word_1_151' title='bbox 329 1398 340 1415; x_wconf 86' lang='lat'>‚</span> <span class='ocrx_word' id='word_1_152' title='bbox 366 1371 406 1407; x_wconf 72' lang='grc' dir='ltr'>ἃ</span> <span class='ocrx_word' id='word_1_153' title='bbox 446 1386 508 1419; x_wconf 89' lang='lat' dir='ltr'>pro</span> <span class='ocrx_word' id='word_1_154' title='bbox 545 1373 623 1419; x_wconf 80' lang='lat' dir='ltr'>ipfis</span> <span class='ocrx_word' id='word_1_155' title='bbox 651 1374 941 1414; x_wconf 81' lang='lat' dir='ltr'>communibus,</span> 
     </span>
     <span class='ocr_line' id='line_1_27' title="bbox 178 1420 942 1466; baseline 0 -10"><span class='ocrx_word' id='word_1_156' title='bbox 178 1443 198 1457; x_wconf 57' lang='lat' dir='ltr'>s,</span> <span class='ocrx_word' id='word_1_157' title='bbox 227 1420 544 1466; x_wconf 78' lang='lat' dir='ltr'>Univerfitatibus‚</span> <span class='ocrx_word' id='word_1_158' title='bbox 571 1423 604 1457; x_wconf 91' lang='lat'>&amp;</span> <span class='ocrx_word' id='word_1_159' title='bbox 634 1422 829 1457; x_wconf 76' lang='lat' dir='ltr'>Batonibus</span> <span class='ocrx_word' id='word_1_160' title='bbox 848 1449 858 1466; x_wconf 97' lang='lat'>,</span> <span class='ocrx_word' id='word_1_161' title='bbox 886 1422 942 1457; x_wconf 84' lang='lat' dir='ltr'>fir-</span> 
     </span>
     <span class='ocr_line' id='line_1_28' title="bbox 177 1471 941 1517; baseline 0 -10"><span class='ocrx_word' id='word_1_162' title='bbox 177 1493 198 1507; x_wconf 68' lang='lat'><em>„</em></span> <span class='ocrx_word' id='word_1_163' title='bbox 227 1480 411 1507; x_wconf 61' lang='lat' dir='ltr'>max-erunt</span> <span class='ocrx_word' id='word_1_164' title='bbox 446 1471 489 1508; x_wconf 87' lang='lat' dir='ltr'>ad</span> <span class='ocrx_word' id='word_1_165' title='bbox 525 1471 679 1508; x_wconf 82' lang='lat' dir='ltr'>invicem</span> <span class='ocrx_word' id='word_1_166' title='bbox 697 1500 708 1517; x_wconf 97' lang='lat'><strong>‚</strong></span> <span class='ocrx_word' id='word_1_167' title='bbox 734 1473 769 1508; x_wconf 84' lang='lat'>&amp;</span> <span class='ocrx_word' id='word_1_168' title='bbox 798 1471 840 1509; x_wconf 88' lang='lat' dir='ltr'>ad</span> <span class='ocrx_word' id='word_1_169' title='bbox 867 1471 941 1508; x_wconf 86' lang='lat' dir='ltr'>san-</span> 
     </span>
     <span class='ocr_line' id='line_1_29' title="bbox 178 1521 939 1572; baseline -0.001 -13"><span class='ocrx_word' id='word_1_170' title='bbox 178 1544 198 1559; x_wconf 70' lang='lat'><em>„</em></span> <span class='ocrx_word' id='word_1_171' title='bbox 224 1521 281 1558; x_wconf 66' lang='lat' dir='ltr'>&amp;a</span> <span class='ocrx_word' id='word_1_172' title='bbox 320 1521 387 1558; x_wconf 82' lang='lat' dir='ltr'>Dei</span> <span class='ocrx_word' id='word_1_173' title='bbox 424 1523 642 1572; x_wconf 81' lang='lat' dir='ltr'>Euangelia‚</span> <span class='ocrx_word' id='word_1_174' title='bbox 678 1532 830 1571; x_wconf 79' lang='lat' dir='ltr'>excepto</span> <span class='ocrx_word' id='word_1_175' title='bbox 868 1525 939 1558; x_wconf 93' lang='lat' dir='ltr'>Do-</span> 
     </span>
     <span class='ocr_line' id='line_1_30' title="bbox 178 1573 942 1624; baseline -0.003 -14"><span class='ocrx_word' id='word_1_176' title='bbox 178 1595 198 1610; x_wconf 77' lang='lat'><strong>„</strong></span> <span class='ocrx_word' id='word_1_177' title='bbox 226 1573 323 1609; x_wconf 84' lang='lat' dir='ltr'>mino</span> <span class='ocrx_word' id='word_1_178' title='bbox 349 1573 469 1610; x_wconf 86' lang='lat' dir='ltr'>Guido</span> <span class='ocrx_word' id='word_1_179' title='bbox 495 1574 537 1610; x_wconf 88' lang='lat' dir='ltr'>de</span> <span class='ocrx_word' id='word_1_180' title='bbox 565 1573 709 1620; x_wconf 81' lang='lat' dir='ltr'>Bayfio,</span> <span class='ocrx_word' id='word_1_181' title='bbox 737 1573 942 1624; x_wconf 84' lang='lat' dir='ltr'>juraverunt</span> 
     </span>
     <span class='ocr_line' id='line_1_31' title="bbox 179 1626 942 1668; baseline -0.005 -7"><span class='ocrx_word' id='word_1_182' title='bbox 179 1647 198 1661; x_wconf 62' lang='grc' dir='ltr'>ι)</span> <span class='ocrx_word' id='word_1_183' title='bbox 225 1626 419 1660; x_wconf 64' lang='lat' dir='ltr'>Societatem</span> <span class='ocrx_word' id='word_1_184' title='bbox 474 1628 718 1668; x_wconf 75' lang='lat' dir='ltr'>Lombardiae,</span> <span class='ocrx_word' id='word_1_185' title='bbox 767 1627 942 1658; x_wconf 72' lang='lat' dir='ltr'>Marchiae</span> 
     </span>
     <span class='ocr_line' id='line_1_32' title="bbox 176 1673 939 1724; baseline -0.008 -13"><span class='ocrx_word' id='word_1_186' title='bbox 176 1697 197 1711; x_wconf 58' lang='lat' dir='ltr'>s,</span> <span class='ocrx_word' id='word_1_187' title='bbox 226 1677 434 1724; x_wconf 77' lang='lat' dir='ltr'>Trivifinae,</span> <span class='ocrx_word' id='word_1_188' title='bbox 461 1676 507 1713; x_wconf 59' lang='grc' dir='ltr'>(φ</span> <span class='ocrx_word' id='word_1_189' title='bbox 535 1677 768 1712; x_wconf 78' lang='lat' dir='ltr'>Romaniotae,</span> <span class='ocrx_word' id='word_1_190' title='bbox 796 1673 843 1710; x_wconf 68' lang='lat'>&amp;⁴</span> <span class='ocrx_word' id='word_1_191' title='bbox 878 1685 939 1707; x_wconf 83' lang='lat' dir='ltr'>om-</span> 
     </span>
     <span class='ocr_line' id='line_1_33' title="bbox 178 1720 939 1769; baseline -0.007 -8"><span class='ocrx_word' id='word_1_192' title='bbox 178 1747 198 1761; x_wconf 75' lang='lat'>„</span> <span class='ocrx_word' id='word_1_193' title='bbox 226 1728 314 1760; x_wconf 84' lang='lat' dir='ltr'>nium</span> <span class='ocrx_word' id='word_1_194' title='bbox 354 1728 491 1759; x_wconf 74' lang='lat' dir='ltr'>aliorum</span> <span class='ocrx_word' id='word_1_195' title='bbox 525 1725 726 1758; x_wconf 65' lang='lat' dir='ltr'>venientium</span> <span class='ocrx_word' id='word_1_196' title='bbox 762 1725 806 1757; x_wconf 83' lang='lat' dir='ltr'>ad</span> <span class='ocrx_word' id='word_1_197' title='bbox 840 1720 939 1769; x_wconf 66' lang='lat' dir='ltr'>ilfittll</span> 
     </span>
     <span class='ocr_line' id='line_1_34' title="bbox 178 1772 938 1816; baseline -0.003 -6"><span class='ocrx_word' id='word_1_198' title='bbox 178 1796 199 1811; x_wconf 73' lang='grc'>”</span> <span class='ocrx_word' id='word_1_199' title='bbox 227 1776 441 1816; x_wconf 70' lang='lat' dir='ltr'>Societatem,</span> <span class='ocrx_word' id='word_1_200' title='bbox 469 1772 530 1808; x_wconf 82' lang='lat' dir='ltr'>sub</span> <span class='ocrx_word' id='word_1_201' title='bbox 557 1773 620 1809; x_wconf 91' lang='lat' dir='ltr'>hac</span> <span class='ocrx_word' id='word_1_202' title='bbox 657 1772 770 1809; x_wconf 88' lang='lat' dir='ltr'>forma</span> <span class='ocrx_word' id='word_1_203' title='bbox 805 1773 839 1808; x_wconf 89' lang='lat'>&amp;</span> <span class='ocrx_word' id='word_1_204' title='bbox 867 1786 938 1808; x_wconf 89' lang='lat' dir='ltr'>mo-</span> 
     </span>
     <span class='ocr_line' id='line_1_35' title="bbox 178 1823 938 1871; baseline -0.001 -11"><span class='ocrx_word' id='word_1_205' title='bbox 178 1846 196 1860; x_wconf 74' lang='lat'>„</span> <span class='ocrx_word' id='word_1_206' title='bbox 225 1826 292 1864; x_wconf 92' lang='lat' dir='ltr'>do,</span> <span class='ocrx_word' id='word_1_207' title='bbox 328 1824 516 1859; x_wconf 89' lang='lat' dir='ltr'>videlicet.</span> <span class='ocrx_word' id='word_1_208' title='bbox 554 1824 661 1871; x_wconf 82' lang='lat' dir='ltr'>Quod</span> <span class='ocrx_word' id='word_1_209' title='bbox 698 1823 793 1859; x_wconf 59' lang='lat' dir='ltr'>diffia</span> <span class='ocrx_word' id='word_1_210' title='bbox 830 1825 938 1859; x_wconf 82' lang='lat' dir='ltr'>Com-</span> 
     </span>
     <span class='ocr_line' id='line_1_36' title="bbox 176 1873 937 1919; baseline 0 -10"><span class='ocrx_word' id='word_1_211' title='bbox 176 1896 197 1910; x_wconf 72' lang='lat'>„</span> <span class='ocrx_word' id='word_1_212' title='bbox 225 1874 365 1919; x_wconf 88' lang='lat' dir='ltr'>munia,</span> <span class='ocrx_word' id='word_1_213' title='bbox 392 1873 431 1910; x_wconf 73' lang='grc' dir='ltr'>ἃ</span> <span class='ocrx_word' id='word_1_214' title='bbox 461 1873 741 1919; x_wconf 82' lang='lat' dir='ltr'>Univerfitates,</span> <span class='ocrx_word' id='word_1_215' title='bbox 768 1876 802 1910; x_wconf 76' lang='lat'>8&lt;</span> <span class='ocrx_word' id='word_1_216' title='bbox 831 1876 937 1910; x_wconf 77' lang='lat' dir='ltr'>Baro-</span> 
     </span>
     <span class='ocr_line' id='line_1_37' title="bbox 176 1925 937 1974; baseline 0.001 -15"><span class='ocrx_word' id='word_1_217' title='bbox 176 1946 196 1960; x_wconf 78' lang='lat'>„</span> <span class='ocrx_word' id='word_1_218' title='bbox 223 1939 283 1962; x_wconf 82' lang='lat' dir='ltr'>nes</span> <span class='ocrx_word' id='word_1_219' title='bbox 311 1934 477 1974; x_wconf 84' lang='lat' dir='ltr'>perpetuo</span> <span class='ocrx_word' id='word_1_220' title='bbox 505 1926 673 1962; x_wconf 85' lang='lat' dir='ltr'>tenebunt</span> <span class='ocrx_word' id='word_1_221' title='bbox 698 1926 732 1961; x_wconf 88' lang='lat'>&amp;</span> <span class='ocrx_word' id='word_1_222' title='bbox 761 1925 937 1961; x_wconf 82' lang='lat' dir='ltr'>habebunt</span> 
     </span>
     <span class='ocr_line' id='line_1_38' title="bbox 177 1972 962 2020; baseline 0.003 -10"><span class='ocrx_word' id='word_1_223' title='bbox 177 1997 197 2011; x_wconf 64' lang='grc' dir='ltr'><em>η</em></span> <span class='ocrx_word' id='word_1_224' title='bbox 226 1976 257 2012; x_wconf 91' lang='lat' dir='ltr'>se</span> <span class='ocrx_word' id='word_1_225' title='bbox 285 1976 326 2012; x_wconf 85' lang='lat' dir='ltr'>ad</span> <span class='ocrx_word' id='word_1_226' title='bbox 363 1976 538 2020; x_wconf 87' lang='lat' dir='ltr'>invicem,</span> <span class='ocrx_word' id='word_1_227' title='bbox 564 1977 598 2012; x_wconf 89' lang='lat'>&amp;</span> <span class='ocrx_word' id='word_1_228' title='bbox 636 1976 724 2012; x_wconf 74' lang='lat' dir='ltr'>alios</span> <span class='ocrx_word' id='word_1_229' title='bbox 756 1976 935 2012; x_wconf 84' lang='lat' dir='ltr'>venientes</span> <span class='ocrx_word' id='word_1_230' title='bbox 959 1972 962 2016; x_wconf 80' lang='grc' dir='ltr'>Ι</span> 
     </span>
    </p>
   </div>
   <div class='ocr_carea' id='block_1_6' title="bbox 178 2021 961 2075">
    <p class='ocr_par' dir='ltr' id='par_1_6' title="bbox 178 2021 961 2075">
     <span class='ocr_line' id='line_1_39' title="bbox 178 2021 961 2075; baseline 0.001 -13"><span class='ocrx_word' id='word_1_231' title='bbox 178 2048 197 2063; x_wconf 68' lang='lat'>2,</span> <span class='ocrx_word' id='word_1_232' title='bbox 225 2027 267 2062; x_wconf 86' lang='lat' dir='ltr'>ad</span> <span class='ocrx_word' id='word_1_233' title='bbox 293 2026 404 2075; x_wconf 84' lang='lat' dir='ltr'>ipsam</span> <span class='ocrx_word' id='word_1_234' title='bbox 431 2027 663 2068; x_wconf 84' lang='lat' dir='ltr'>Societatem,</span> <span class='ocrx_word' id='word_1_235' title='bbox 691 2030 849 2067; x_wconf 83' lang='lat' dir='ltr'>Fratres,</span> <span class='ocrx_word' id='word_1_236' title='bbox 877 2029 936 2063; x_wconf 84' lang='lat' dir='ltr'>So-</span> <span class='ocrx_word' id='word_1_237' title='bbox 960 2021 961 2059; x_wconf 93' lang='lat'>3</span> 
     </span>
    </p>
   </div>
   <div class='ocr_carea' id='block_1_7' title="bbox 177 2077 1012 2619">
    <p class='ocr_par' dir='ltr' id='par_1_7' title="bbox 177 2077 1012 2182">
     <span class='ocr_line' id='line_1_40' title="bbox 177 2077 1012 2125; baseline 0 -13"><span class='ocrx_word' id='word_1_238' title='bbox 177 2097 197 2112; x_wconf 66' lang='lat' dir='ltr'>a,</span> <span class='ocrx_word' id='word_1_239' title='bbox 225 2078 319 2117; x_wconf 82' lang='lat' dir='ltr'>cios,</span> <span class='ocrx_word' id='word_1_240' title='bbox 347 2077 385 2113; x_wconf 86' lang='lat'>&amp;</span> <span class='ocrx_word' id='word_1_241' title='bbox 422 2078 595 2113; x_wconf 82' lang='lat' dir='ltr'>Amicos:</span> <span class='ocrx_word' id='word_1_242' title='bbox 624 2080 659 2114; x_wconf 74' lang='grc' dir='ltr'>δε</span> <span class='ocrx_word' id='word_1_243' title='bbox 695 2077 788 2125; x_wconf 83' lang='lat' dir='ltr'>quod</span> <span class='ocrx_word' id='word_1_244' title='bbox 825 2077 858 2113; x_wconf 88' lang='lat' dir='ltr'>se</span> <span class='ocrx_word' id='word_1_245' title='bbox 894 2078 934 2112; x_wconf 86' lang='lat' dir='ltr'>ad</span> <span class='ocrx_word' id='word_1_246' title='bbox 983 2078 1012 2112; x_wconf 81' lang='lat' dir='ltr'>E</span> 
     </span>
     <span class='ocr_line' id='line_1_41' title="bbox 178 2124 962 2182; baseline 0 -20"><span class='ocrx_word' id='word_1_247' title='bbox 178 2147 197 2162; x_wconf 64' lang='grc' dir='ltr'><em>η</em></span> <span class='ocrx_word' id='word_1_248' title='bbox 224 2127 378 2164; x_wconf 87' lang='lat' dir='ltr'>invicem</span> <span class='ocrx_word' id='word_1_249' title='bbox 407 2128 441 2162; x_wconf 83' lang='lat'>8&lt;</span> <span class='ocrx_word' id='word_1_250' title='bbox 479 2128 567 2163; x_wconf 87' lang='lat' dir='ltr'>alios</span> <span class='ocrx_word' id='word_1_251' title='bbox 595 2124 775 2163; x_wconf 70' lang='lat' dir='ltr'>venientes</span> <span class='ocrx_word' id='word_1_252' title='bbox 811 2127 853 2162; x_wconf 89' lang='lat' dir='ltr'>ad</span> <span class='ocrx_word' id='word_1_253' title='bbox 882 2127 935 2175; x_wconf 89' lang='lat' dir='ltr'>ip-</span> <span class='ocrx_word' id='word_1_254' title='bbox 959 2135 962 2182; x_wconf 63' lang='lat'>3</span> 
     </span>
    </p>

    <p class='ocr_par' dir='ltr' id='par_1_8' title="bbox 178 2177 962 2225">
     <span class='ocr_line' id='line_1_42' title="bbox 178 2177 962 2225; baseline -0.003 -11"><span class='ocrx_word' id='word_1_255' title='bbox 178 2199 198 2213; x_wconf 71' lang='lat' dir='ltr'>n</span> <span class='ocrx_word' id='word_1_256' title='bbox 225 2178 296 2214; x_wconf 83' lang='lat' dir='ltr'>sam</span> <span class='ocrx_word' id='word_1_257' title='bbox 321 2177 530 2214; x_wconf 76' lang='lat' dir='ltr'>Societatem</span> <span class='ocrx_word' id='word_1_258' title='bbox 554 2177 792 2225; x_wconf 73' lang='lat' dir='ltr'>adjuvabunt,</span> <span class='ocrx_word' id='word_1_259' title='bbox 815 2190 936 2214; x_wconf 86' lang='lat' dir='ltr'>manu·</span> <span class='ocrx_word' id='word_1_260' title='bbox 959 2186 962 2200; x_wconf 84' lang='lat'><strong>¹</strong></span> 
     </span>
    </p>

    <p class='ocr_par' dir='ltr' id='par_1_9' title="bbox 178 2205 967 2583">
     <span class='ocr_line' id='line_1_43' title="bbox 181 2205 963 2273; baseline 0 -10"><span class='ocrx_word' id='word_1_261' title='bbox 181 2249 200 2264; x_wconf 59' lang='grc' dir='ltr'>η</span> <span class='ocrx_word' id='word_1_262' title='bbox 227 2228 418 2271; x_wconf 83' lang='lat' dir='ltr'>tenebunt,</span> <span class='ocrx_word' id='word_1_263' title='bbox 455 2227 493 2263; x_wconf 70' lang='grc' dir='ltr'>ἃ</span> <span class='ocrx_word' id='word_1_264' title='bbox 529 2228 714 2265; x_wconf 78' lang='lat' dir='ltr'>defendent</span> <span class='ocrx_word' id='word_1_265' title='bbox 750 2205 963 2273; x_wconf 63' lang='lat' dir='ltr'>secundom3</span> 
     </span>
     <span class='ocr_line' id='line_1_44' title="bbox 180 2277 938 2327; baseline -0.001 -13"><span class='ocrx_word' id='word_1_266' title='bbox 180 2300 200 2314; x_wconf 58' lang='grc' dir='ltr'>η</span> <span class='ocrx_word' id='word_1_267' title='bbox 229 2278 324 2314; x_wconf 87' lang='lat' dir='ltr'>suum</span> <span class='ocrx_word' id='word_1_268' title='bbox 351 2278 465 2327; x_wconf 77' lang='lat' dir='ltr'>poffe,</span> <span class='ocrx_word' id='word_1_269' title='bbox 493 2278 582 2314; x_wconf 79' lang='lat' dir='ltr'>bona</span> <span class='ocrx_word' id='word_1_270' title='bbox 620 2278 687 2314; x_wconf 80' lang='lat' dir='ltr'>fide</span> <span class='ocrx_word' id='word_1_271' title='bbox 715 2277 783 2313; x_wconf 84' lang='lat' dir='ltr'>sine</span> <span class='ocrx_word' id='word_1_272' title='bbox 820 2277 938 2314; x_wconf 82' lang='lat' dir='ltr'>fraude</span> 
     </span>
     <span class='ocr_line' id='line_1_45' title="bbox 181 2328 937 2374; baseline -0.003 -9"><span class='ocrx_word' id='word_1_273' title='bbox 181 2351 202 2366; x_wconf 62' lang='grc' dir='ltr'>η</span> <span class='ocrx_word' id='word_1_274' title='bbox 228 2338 351 2365; x_wconf 85' lang='lat' dir='ltr'>contra</span> <span class='ocrx_word' id='word_1_275' title='bbox 390 2328 555 2364; x_wconf 85' lang='lat' dir='ltr'>inimicos</span> <span class='ocrx_word' id='word_1_276' title='bbox 591 2328 668 2364; x_wconf 86' lang='lat' dir='ltr'>suos</span> <span class='ocrx_word' id='word_1_277' title='bbox 711 2341 937 2374; x_wconf 74' lang='lat' dir='ltr'>communes,</span> 
     </span>
     <span class='ocr_line' id='line_1_46' title="bbox 181 2378 938 2426; baseline -0.004 -8"><span class='ocrx_word' id='word_1_278' title='bbox 181 2402 202 2418; x_wconf 56' lang='grc' dir='ltr'><em>η</em></span> <span class='ocrx_word' id='word_1_279' title='bbox 229 2380 287 2416; x_wconf 89' lang='lat' dir='ltr'>vel</span> <span class='ocrx_word' id='word_1_280' title='bbox 322 2379 470 2426; x_wconf 82' lang='lat' dir='ltr'>alicujus</span> <span class='ocrx_word' id='word_1_281' title='bbox 512 2380 554 2415; x_wconf 89' lang='lat' dir='ltr'>de</span> <span class='ocrx_word' id='word_1_282' title='bbox 590 2378 695 2415; x_wconf 72' lang='lat' dir='ltr'>diffls</span> <span class='ocrx_word' id='word_1_283' title='bbox 730 2380 938 2415; x_wconf 86' lang='lat' dir='ltr'>Communi-</span> 
     </span>
     <span class='ocr_line' id='line_1_47' title="bbox 179 2429 938 2479; baseline -0.003 -12"><span class='ocrx_word' id='word_1_284' title='bbox 179 2454 199 2469; x_wconf 74' lang='lat'><strong>„</strong></span> <span class='ocrx_word' id='word_1_285' title='bbox 226 2431 315 2476; x_wconf 88' lang='lat' dir='ltr'>bus,</span> <span class='ocrx_word' id='word_1_286' title='bbox 352 2429 667 2479; x_wconf 79' lang='lat' dir='ltr'>Univerfitatibus,</span> <span class='ocrx_word' id='word_1_287' title='bbox 705 2429 761 2465; x_wconf 86' lang='lat' dir='ltr'>vel</span> <span class='ocrx_word' id='word_1_288' title='bbox 797 2430 938 2465; x_wconf 79' lang='lat' dir='ltr'>Batoni-</span> 
     </span>
     <span class='ocr_line' id='line_1_48' title="bbox 178 2478 965 2531; baseline -0.004 -13"><span class='ocrx_word' id='word_1_289' title='bbox 178 2505 198 2519; x_wconf 62' lang='grc' dir='ltr'>η</span> <span class='ocrx_word' id='word_1_290' title='bbox 225 2482 314 2522; x_wconf 82' lang='lat' dir='ltr'>bus,</span> <span class='ocrx_word' id='word_1_291' title='bbox 357 2479 397 2518; x_wconf 87' lang='lat'>&amp;</span> <span class='ocrx_word' id='word_1_292' title='bbox 438 2481 588 2517; x_wconf 83' lang='lat' dir='ltr'>aliorum</span> <span class='ocrx_word' id='word_1_293' title='bbox 634 2478 850 2517; x_wconf 78' lang='lat' dir='ltr'>venientium</span> <span class='ocrx_word' id='word_1_294' title='bbox 895 2480 965 2531; x_wconf 65' lang='grc' dir='ltr'>ειιίι</span> 
     </span>
     <span class='ocr_line' id='line_1_49' title="bbox 188 2530 967 2583; baseline 0 -14"><span class='ocrx_word' id='word_1_295' title='bbox 188 2556 195 2570; x_wconf 67' lang='lat'><em>2</em></span> <span class='ocrx_word' id='word_1_296' title='bbox 223 2532 433 2569; x_wconf 86' lang='lat' dir='ltr'>Societatem</span> <span class='ocrx_word' id='word_1_297' title='bbox 462 2531 674 2583; x_wconf 62' lang='lat' dir='ltr'>predisstam.</span> <span class='ocrx_word' id='word_1_298' title='bbox 702 2533 752 2568; x_wconf 78' lang='lat' dir='ltr'>Et</span> <span class='ocrx_word' id='word_1_299' title='bbox 787 2530 880 2579; x_wconf 78' lang='lat' dir='ltr'>quod</span> <span class='ocrx_word' id='word_1_300' title='bbox 908 2531 935 2566; x_wconf 67' lang='lat' dir='ltr'>i⁴</span> <span class='ocrx_word' id='word_1_301' title='bbox 962 2535 967 2569; x_wconf 78' lang='grc' dir='ltr'><strong>ἰ</strong></span> 
     </span>
    </p>

    <p class='ocr_par' dir='ltr' id='par_1_10' title="bbox 283 2586 447 2619">
     <span class='ocr_line' id='line_1_50' title="bbox 283 2586 447 2619; baseline 0.006 -1"><span class='ocrx_word' id='word_1_302' title='bbox 283 2586 370 2619; x_wconf 70' lang='lat' dir='ltr'>Tem.</span> <span class='ocrx_word' id='word_1_303' title='bbox 400 2586 447 2619; x_wconf 78' lang='lat' dir='ltr'>X.</span> 
     </span>
    </p>
   </div>
   <div class='ocr_carea' id='block_1_8' title="bbox 963 1639 970 1813">
    <p class='ocr_par' dir='ltr' id='par_1_11' title="bbox 963 1639 970 1813">
     <span class='ocr_line' id='line_1_51' title="bbox 963 1639 970 1813; baseline 0 1208"><span class='ocrx_word' id='word_1_304' title='bbox 963 1639 970 1813; x_wconf 95' lang='lat' dir='ltr'> </span> 
     </span>
    </p>
   </div>
   <div class='ocr_carea' id='block_1_9' title="bbox 960 1815 967 1967">
    <p class='ocr_par' dir='ltr' id='par_1_12' title="bbox 960 1815 967 1967">
     <span class='ocr_line' id='line_1_52' title="bbox 960 1815 967 1967; baseline 0 1054"><span class='ocrx_word' id='word_1_305' title='bbox 960 1815 967 1967; x_wconf 95' lang='lat' dir='ltr'> </span> 
     </span>
    </p>
   </div>
   <div class='ocr_carea' id='block_1_10' title="bbox 961 2295 966 2514">
    <p class='ocr_par' dir='ltr' id='par_1_13' title="bbox 961 2295 966 2514">
     <span class='ocr_line' id='line_1_53' title="bbox 961 2295 966 2514; baseline 0 507"><span class='ocrx_word' id='word_1_306' title='bbox 961 2295 966 2514; x_wconf 95' lang='lat' dir='ltr'> </span> 
     </span>
    </p>
   </div>
   <div class='ocr_carea' id='block_1_11' title="bbox 1051 305 1819 1619">
    <p class='ocr_par' dir='ltr' id='par_1_14' title="bbox 1051 305 1819 1619">
     <span class='ocr_line' id='line_1_54' title="bbox 1053 305 1812 352; baseline 0.008 -10"><span class='ocrx_word' id='word_1_307' title='bbox 1053 331 1074 347; x_wconf 91' lang='lat'><strong>„</strong></span> <span class='ocrx_word' id='word_1_308' title='bbox 1101 306 1168 343; x_wconf 66' lang='lat' dir='ltr'>&amp;is</span> <span class='ocrx_word' id='word_1_309' title='bbox 1195 305 1476 352; x_wconf 74' lang='lat' dir='ltr'>communibus,</span> <span class='ocrx_word' id='word_1_310' title='bbox 1502 307 1543 346; x_wconf 74' lang='grc' dir='ltr'>δι</span> <span class='ocrx_word' id='word_1_311' title='bbox 1570 314 1812 352; x_wconf 77' lang='lat' dir='ltr'>Univerfitati-</span> 
     </span>
     <span class='ocr_line' id='line_1_55' title="bbox 1053 355 1812 402; baseline 0.013 -9"><span class='ocrx_word' id='word_1_312' title='bbox 1053 383 1073 398; x_wconf 89' lang='lat'>‚,</span> <span class='ocrx_word' id='word_1_313' title='bbox 1101 358 1163 393; x_wconf 87' lang='lat' dir='ltr'>bus</span> <span class='ocrx_word' id='word_1_314' title='bbox 1191 355 1230 393; x_wconf 75' lang='grc' dir='ltr'>ἂ</span> <span class='ocrx_word' id='word_1_315' title='bbox 1258 357 1475 402; x_wconf 76' lang='lat' dir='ltr'>Batonibus,</span> <span class='ocrx_word' id='word_1_316' title='bbox 1502 358 1540 395; x_wconf 71' lang='grc' dir='ltr'>δε</span> <span class='ocrx_word' id='word_1_317' title='bbox 1578 362 1727 401; x_wconf 75' lang='lat' dir='ltr'>aliorum</span> <span class='ocrx_word' id='word_1_318' title='bbox 1758 380 1812 402; x_wconf 80' lang='lat' dir='ltr'>ve—</span> 
     </span>
     <span class='ocr_line' id='line_1_56' title="bbox 1053 407 1813 464; baseline 0.011 -20"><span class='ocrx_word' id='word_1_319' title='bbox 1053 434 1073 450; x_wconf 91' lang='lat'>„</span> <span class='ocrx_word' id='word_1_320' title='bbox 1099 408 1276 445; x_wconf 84' lang='lat' dir='ltr'>nientium</span> <span class='ocrx_word' id='word_1_321' title='bbox 1302 407 1344 445; x_wconf 84' lang='lat' dir='ltr'>ad</span> <span class='ocrx_word' id='word_1_322' title='bbox 1366 408 1473 456; x_wconf 88' lang='lat' dir='ltr'>ipsam</span> <span class='ocrx_word' id='word_1_323' title='bbox 1493 409 1704 449; x_wconf 79' lang='lat' dir='ltr'>Societatem</span> <span class='ocrx_word' id='word_1_324' title='bbox 1718 444 1728 459; x_wconf 84' lang='lat'>‚</span> <span class='ocrx_word' id='word_1_325' title='bbox 1751 431 1813 464; x_wconf 85' lang='lat' dir='ltr'>pro</span> 
     </span>
     <span class='ocr_line' id='line_1_57' title="bbox 1052 459 1811 512; baseline 0.007 -16"><span class='ocrx_word' id='word_1_326' title='bbox 1052 486 1072 500; x_wconf 91' lang='lat'>‚‚</span> <span class='ocrx_word' id='word_1_327' title='bbox 1098 459 1255 496; x_wconf 84' lang='lat' dir='ltr'>inimicis</span> <span class='ocrx_word' id='word_1_328' title='bbox 1275 460 1453 496; x_wconf 85' lang='lat' dir='ltr'>habebunt</span> <span class='ocrx_word' id='word_1_329' title='bbox 1474 461 1508 496; x_wconf 74' lang='grc'>8(</span> <span class='ocrx_word' id='word_1_330' title='bbox 1530 462 1727 512; x_wconf 83' lang='lat' dir='ltr'>tenebunt;</span> <span class='ocrx_word' id='word_1_331' title='bbox 1750 480 1811 503; x_wconf 82' lang='lat' dir='ltr'>nec</span> 
     </span>
     <span class='ocr_line' id='line_1_58' title="bbox 1051 511 1813 561; baseline 0.007 -16"><span class='ocrx_word' id='word_1_332' title='bbox 1051 536 1071 552; x_wconf 81' lang='lat'>„</span> <span class='ocrx_word' id='word_1_333' title='bbox 1099 523 1179 546; x_wconf 88' lang='lat' dir='ltr'>cum</span> <span class='ocrx_word' id='word_1_334' title='bbox 1206 513 1254 547; x_wconf 78' lang='lat' dir='ltr'>eis</span> <span class='ocrx_word' id='word_1_335' title='bbox 1282 523 1402 559; x_wconf 89' lang='lat' dir='ltr'>pacem</span> <span class='ocrx_word' id='word_1_336' title='bbox 1430 511 1486 547; x_wconf 84' lang='lat' dir='ltr'>vel</span> <span class='ocrx_word' id='word_1_337' title='bbox 1514 519 1694 561; x_wconf 81' lang='lat' dir='ltr'>treuguam</span> <span class='ocrx_word' id='word_1_338' title='bbox 1711 542 1720 558; x_wconf 86' lang='lat'>,</span> <span class='ocrx_word' id='word_1_339' title='bbox 1748 516 1813 551; x_wconf 74' lang='lat' dir='ltr'>sive</span> 
     </span>
     <span class='ocr_line' id='line_1_59' title="bbox 1051 560 1815 610; baseline 0.008 -14"><span class='ocrx_word' id='word_1_340' title='bbox 1051 587 1073 602; x_wconf 84' lang='lat'>‚,</span> <span class='ocrx_word' id='word_1_341' title='bbox 1098 560 1302 603; x_wconf 85' lang='lat' dir='ltr'>fidantiam,</span> <span class='ocrx_word' id='word_1_342' title='bbox 1329 562 1385 597; x_wconf 86' lang='lat' dir='ltr'>vel</span> <span class='ocrx_word' id='word_1_343' title='bbox 1413 561 1552 610; x_wconf 58' lang='lat' dir='ltr'>paetum</span> <span class='ocrx_word' id='word_1_344' title='bbox 1576 562 1728 605; x_wconf 83' lang='lat' dir='ltr'>facient,</span> <span class='ocrx_word' id='word_1_345' title='bbox 1752 579 1815 602; x_wconf 57' lang='lat' dir='ltr'>ne-</span> 
     </span>
     <span class='ocr_line' id='line_1_60' title="bbox 1052 611 1817 663; baseline 0.007 -15"><span class='ocrx_word' id='word_1_346' title='bbox 1052 637 1071 652; x_wconf 88' lang='lat'>„</span> <span class='ocrx_word' id='word_1_347' title='bbox 1099 611 1176 648; x_wconf 85' lang='lat' dir='ltr'>fieri</span> <span class='ocrx_word' id='word_1_348' title='bbox 1197 613 1428 662; x_wconf 84' lang='lat' dir='ltr'>permittent,</span> <span class='ocrx_word' id='word_1_349' title='bbox 1446 612 1468 649; x_wconf 85' lang='lat' dir='ltr'>fi</span> <span class='ocrx_word' id='word_1_350' title='bbox 1491 623 1608 650; x_wconf 81' lang='lat' dir='ltr'>vetare</span> <span class='ocrx_word' id='word_1_351' title='bbox 1628 624 1817 663; x_wconf 87' lang='lat' dir='ltr'>poterunt,</span> 
     </span>
     <span class='ocr_line' id='line_1_61' title="bbox 1051 663 1816 714; baseline 0.005 -15"><span class='ocrx_word' id='word_1_352' title='bbox 1051 689 1072 703; x_wconf 88' lang='lat'>„</span> <span class='ocrx_word' id='word_1_353' title='bbox 1099 663 1169 700; x_wconf 85' lang='lat' dir='ltr'>fine</span> <span class='ocrx_word' id='word_1_354' title='bbox 1204 663 1371 700; x_wconf 85' lang='lat' dir='ltr'>consensu</span> <span class='ocrx_word' id='word_1_355' title='bbox 1407 665 1442 700; x_wconf 72' lang='grc' dir='ltr'>δε</span> <span class='ocrx_word' id='word_1_356' title='bbox 1480 665 1664 701; x_wconf 85' lang='lat' dir='ltr'>voluntate</span> <span class='ocrx_word' id='word_1_357' title='bbox 1703 667 1816 714; x_wconf 86' lang='lat' dir='ltr'>predi-</span> 
     </span>
     <span class='ocr_line' id='line_1_62' title="bbox 1053 713 1817 757; baseline 0.008 -9"><span class='ocrx_word' id='word_1_358' title='bbox 1053 739 1074 754; x_wconf 91' lang='lat'><strong>„</strong></span> <span class='ocrx_word' id='word_1_359' title='bbox 1100 713 1239 749; x_wconf 61' lang='grc' dir='ltr'>ἕξοι-ωτι</span> <span class='ocrx_word' id='word_1_360' title='bbox 1265 714 1423 750; x_wconf 86' lang='lat' dir='ltr'>omnium</span> <span class='ocrx_word' id='word_1_361' title='bbox 1460 716 1734 757; x_wconf 80' lang='lat' dir='ltr'>Communium,</span> <span class='ocrx_word' id='word_1_362' title='bbox 1763 717 1817 754; x_wconf 89' lang='lat' dir='ltr'>U-</span> 
     </span>
     <span class='ocr_line' id='line_1_63' title="bbox 1053 763 1817 811; baseline 0.005 -13"><span class='ocrx_word' id='word_1_363' title='bbox 1053 789 1073 804; x_wconf 89' lang='lat'>„</span> <span class='ocrx_word' id='word_1_364' title='bbox 1099 763 1344 801; x_wconf 80' lang='lat' dir='ltr'>niverfitatum</span> <span class='ocrx_word' id='word_1_365' title='bbox 1364 792 1375 809; x_wconf 95' lang='lat'>,</span> <span class='ocrx_word' id='word_1_366' title='bbox 1401 765 1437 800; x_wconf 88' lang='lat'>&amp;</span> <span class='ocrx_word' id='word_1_367' title='bbox 1475 766 1651 801; x_wconf 78' lang='lat' dir='ltr'>Baronum</span> <span class='ocrx_word' id='word_1_368' title='bbox 1669 793 1680 811; x_wconf 88' lang='lat'>‚</span> <span class='ocrx_word' id='word_1_369' title='bbox 1707 767 1745 805; x_wconf 67' lang='grc' dir='ltr'>ὅ(</span> <span class='ocrx_word' id='word_1_370' title='bbox 1782 783 1817 805; x_wconf 81' lang='lat' dir='ltr'>a·</span> 
     </span>
     <span class='ocr_line' id='line_1_64' title="bbox 1052 814 1815 864; baseline 0.007 -14"><span class='ocrx_word' id='word_1_371' title='bbox 1052 841 1072 856; x_wconf 93' lang='lat'><strong>„</strong></span> <span class='ocrx_word' id='word_1_372' title='bbox 1098 815 1230 851; x_wconf 85' lang='lat' dir='ltr'>liorum</span> <span class='ocrx_word' id='word_1_373' title='bbox 1258 814 1477 851; x_wconf 80' lang='lat' dir='ltr'>venientium</span> <span class='ocrx_word' id='word_1_374' title='bbox 1501 816 1543 851; x_wconf 90' lang='lat' dir='ltr'>ad</span> <span class='ocrx_word' id='word_1_375' title='bbox 1568 815 1678 864; x_wconf 87' lang='lat' dir='ltr'>ipsam</span> <span class='ocrx_word' id='word_1_376' title='bbox 1701 818 1815 855; x_wconf 81' lang='lat' dir='ltr'>Socie-</span> 
     </span>
     <span class='ocr_line' id='line_1_65' title="bbox 1053 865 1817 915; baseline 0.005 -13"><span class='ocrx_word' id='word_1_377' title='bbox 1053 891 1073 906; x_wconf 81' lang='lat'>‚,</span> <span class='ocrx_word' id='word_1_378' title='bbox 1099 874 1231 902; x_wconf 82' lang='lat' dir='ltr'>tatem.</span> <span class='ocrx_word' id='word_1_379' title='bbox 1259 867 1350 903; x_wconf 86' lang='lat' dir='ltr'>Item</span> <span class='ocrx_word' id='word_1_380' title='bbox 1378 865 1533 915; x_wconf 72' lang='lat' dir='ltr'>prediffi</span> <span class='ocrx_word' id='word_1_381' title='bbox 1558 869 1817 906; x_wconf 79' lang='lat' dir='ltr'>Ambaxatores</span> 
     </span>
     <span class='ocr_line' id='line_1_66' title="bbox 1052 916 1814 957; baseline 0.004 -5"><span class='ocrx_word' id='word_1_382' title='bbox 1052 941 1072 956; x_wconf 86' lang='lat'>„</span> <span class='ocrx_word' id='word_1_383' title='bbox 1098 917 1133 952; x_wconf 85' lang='lat'>8&lt;</span> <span class='ocrx_word' id='word_1_384' title='bbox 1162 916 1298 953; x_wconf 89' lang='lat' dir='ltr'>Sindici</span> <span class='ocrx_word' id='word_1_385' title='bbox 1325 917 1403 954; x_wconf 86' lang='lat' dir='ltr'>vice</span> <span class='ocrx_word' id='word_1_386' title='bbox 1439 918 1473 953; x_wconf 83' lang='lat'>8&lt;</span> <span class='ocrx_word' id='word_1_387' title='bbox 1501 918 1644 954; x_wconf 86' lang='lat' dir='ltr'>nomine</span> <span class='ocrx_word' id='word_1_388' title='bbox 1681 918 1814 957; x_wconf 82' lang='lat' dir='ltr'>suorum</span> 
     </span>
     <span class='ocr_line' id='line_1_67' title="bbox 1054 966 1815 1012; baseline 0.007 -10"><span class='ocrx_word' id='word_1_389' title='bbox 1054 992 1074 1007; x_wconf 90' lang='lat'>„</span> <span class='ocrx_word' id='word_1_390' title='bbox 1101 966 1388 1009; x_wconf 81' lang='lat' dir='ltr'>Communium,</span> <span class='ocrx_word' id='word_1_391' title='bbox 1429 968 1735 1012; x_wconf 75' lang='lat' dir='ltr'>Univerfitatum‚</span> <span class='ocrx_word' id='word_1_392' title='bbox 1777 970 1815 1007; x_wconf 66' lang='grc' dir='ltr'>ἃ</span> 
     </span>
     <span class='ocr_line' id='line_1_68' title="bbox 1053 1019 1815 1068; baseline 0.008 -15"><span class='ocrx_word' id='word_1_393' title='bbox 1053 1044 1073 1057; x_wconf 87' lang='lat'><strong>„</strong></span> <span class='ocrx_word' id='word_1_394' title='bbox 1100 1019 1299 1059; x_wconf 86' lang='lat' dir='ltr'>Baronum‚</span> <span class='ocrx_word' id='word_1_395' title='bbox 1326 1019 1360 1054; x_wconf 58' lang='grc' dir='ltr'><strong>δέ</strong></span> <span class='ocrx_word' id='word_1_396' title='bbox 1399 1032 1461 1067; x_wconf 84' lang='lat' dir='ltr'>pro</span> <span class='ocrx_word' id='word_1_397' title='bbox 1500 1019 1579 1068; x_wconf 73' lang='lat' dir='ltr'>ipsis</span> <span class='ocrx_word' id='word_1_398' title='bbox 1607 1022 1815 1059; x_wconf 84' lang='lat' dir='ltr'>Communi—</span> 
     </span>
     <span class='ocr_line' id='line_1_69' title="bbox 1055 1068 1817 1114; baseline 0.008 -11"><span class='ocrx_word' id='word_1_399' title='bbox 1055 1094 1075 1108; x_wconf 87' lang='lat'><strong>„</strong></span> <span class='ocrx_word' id='word_1_400' title='bbox 1103 1071 1188 1114; x_wconf 85' lang='lat' dir='ltr'>bus,</span> <span class='ocrx_word' id='word_1_401' title='bbox 1214 1068 1512 1106; x_wconf 72' lang='lat' dir='ltr'>Universitatibus</span> <span class='ocrx_word' id='word_1_402' title='bbox 1538 1072 1571 1106; x_wconf 72' lang='grc' dir='ltr'>δε</span> <span class='ocrx_word' id='word_1_403' title='bbox 1602 1072 1817 1114; x_wconf 78' lang='lat' dir='ltr'>Batonibus,</span> 
     </span>
     <span class='ocr_line' id='line_1_70' title="bbox 1055 1120 1818 1168; baseline 0.007 -14"><span class='ocrx_word' id='word_1_404' title='bbox 1055 1145 1075 1160; x_wconf 90' lang='lat'><strong>„</strong></span> <span class='ocrx_word' id='word_1_405' title='bbox 1103 1132 1183 1155; x_wconf 89' lang='lat' dir='ltr'>cum</span> <span class='ocrx_word' id='word_1_406' title='bbox 1222 1120 1379 1167; x_wconf 58' lang='lat' dir='ltr'>predisso</span> <span class='ocrx_word' id='word_1_407' title='bbox 1417 1120 1574 1157; x_wconf 77' lang='lat' dir='ltr'>Domino</span> <span class='ocrx_word' id='word_1_408' title='bbox 1605 1121 1818 1168; x_wconf 74' lang='lat' dir='ltr'>Cardinale,</span> 
     </span>
     <span class='ocr_line' id='line_1_71' title="bbox 1054 1168 1817 1220; baseline 0.009 -16"><span class='ocrx_word' id='word_1_409' title='bbox 1054 1195 1074 1210; x_wconf 93' lang='lat'>‚,</span> <span class='ocrx_word' id='word_1_410' title='bbox 1103 1169 1180 1206; x_wconf 81' lang='lat' dir='ltr'>vice</span> <span class='ocrx_word' id='word_1_411' title='bbox 1200 1168 1239 1206; x_wconf 71' lang='grc' dir='ltr'>ὃ(</span> <span class='ocrx_word' id='word_1_412' title='bbox 1261 1170 1403 1206; x_wconf 85' lang='lat' dir='ltr'>nomine</span> <span class='ocrx_word' id='word_1_413' title='bbox 1427 1171 1597 1207; x_wconf 78' lang='lat' dir='ltr'>Ecclefiae</span> <span class='ocrx_word' id='word_1_414' title='bbox 1619 1174 1817 1220; x_wconf 81' lang='lat' dir='ltr'>Romanae,</span> 
     </span>
     <span class='ocr_line' id='line_1_72' title="bbox 1055 1220 1817 1274; baseline 0.005 -17"><span class='ocrx_word' id='word_1_415' title='bbox 1055 1246 1075 1262; x_wconf 86' lang='lat'>‚‚</span> <span class='ocrx_word' id='word_1_416' title='bbox 1102 1221 1138 1257; x_wconf 73' lang='grc' dir='ltr'>δε</span> <span class='ocrx_word' id='word_1_417' title='bbox 1162 1220 1323 1262; x_wconf 59' lang='lat' dir='ltr'>,Domini</span> <span class='ocrx_word' id='word_1_418' title='bbox 1361 1223 1498 1271; x_wconf 78' lang='lat' dir='ltr'>Papae,</span> <span class='ocrx_word' id='word_1_419' title='bbox 1530 1222 1680 1260; x_wconf 84' lang='lat' dir='ltr'>habente</span> <span class='ocrx_word' id='word_1_420' title='bbox 1715 1224 1817 1274; x_wconf 83' lang='lat' dir='ltr'>super</span> 
     </span>
     <span class='ocr_line' id='line_1_73' title="bbox 1057 1270 1817 1323; baseline 0.005 -16"><span class='ocrx_word' id='word_1_421' title='bbox 1057 1297 1075 1312; x_wconf 91' lang='lat'>‚‚</span> <span class='ocrx_word' id='word_1_422' title='bbox 1102 1270 1171 1307; x_wconf 92' lang='lat' dir='ltr'>hoc</span> <span class='ocrx_word' id='word_1_423' title='bbox 1197 1272 1239 1308; x_wconf 89' lang='lat' dir='ltr'>ab</span> <span class='ocrx_word' id='word_1_424' title='bbox 1265 1271 1341 1321; x_wconf 89' lang='lat' dir='ltr'>ipso</span> <span class='ocrx_word' id='word_1_425' title='bbox 1369 1272 1528 1309; x_wconf 86' lang='lat' dir='ltr'>Domino</span> <span class='ocrx_word' id='word_1_426' title='bbox 1556 1275 1646 1322; x_wconf 83' lang='lat' dir='ltr'>Papa</span> <span class='ocrx_word' id='word_1_427' title='bbox 1674 1275 1817 1323; x_wconf 81' lang='lat' dir='ltr'>plenum</span> 
     </span>
     <span class='ocr_line' id='line_1_74' title="bbox 1056 1323 1817 1371; baseline 0.004 -13"><span class='ocrx_word' id='word_1_428' title='bbox 1056 1348 1076 1362; x_wconf 86' lang='lat'>.‚</span> <span class='ocrx_word' id='word_1_429' title='bbox 1104 1323 1332 1363; x_wconf 78' lang='lat' dir='ltr'>mandatum,</span> <span class='ocrx_word' id='word_1_430' title='bbox 1369 1332 1409 1359; x_wconf 88' lang='lat' dir='ltr'>ut</span> <span class='ocrx_word' id='word_1_431' title='bbox 1447 1332 1543 1369; x_wconf 83' lang='lat' dir='ltr'>patet</span> <span class='ocrx_word' id='word_1_432' title='bbox 1579 1337 1640 1371; x_wconf 86' lang='lat' dir='ltr'>per</span> <span class='ocrx_word' id='word_1_433' title='bbox 1676 1325 1817 1361; x_wconf 78' lang='lat' dir='ltr'>Literas</span> 
     </span>
     <span class='ocr_line' id='line_1_75' title="bbox 1057 1372 1819 1423; baseline 0.005 -16"><span class='ocrx_word' id='word_1_434' title='bbox 1057 1372 1209 1419; x_wconf 74' lang='lat' dir='ltr'>„ipsius</span> <span class='ocrx_word' id='word_1_435' title='bbox 1253 1373 1401 1407; x_wconf 83' lang='lat' dir='ltr'>Domini</span> <span class='ocrx_word' id='word_1_436' title='bbox 1439 1375 1552 1419; x_wconf 85' lang='lat' dir='ltr'>Papae</span> <span class='ocrx_word' id='word_1_437' title='bbox 1587 1373 1721 1409; x_wconf 80' lang='lat' dir='ltr'>ibidem</span> <span class='ocrx_word' id='word_1_438' title='bbox 1760 1389 1819 1423; x_wconf 83' lang='lat' dir='ltr'>ap—</span> 
     </span>
     <span class='ocr_line' id='line_1_76' title="bbox 1055 1421 1818 1467; baseline 0.009 -13"><span class='ocrx_word' id='word_1_439' title='bbox 1055 1445 1074 1459; x_wconf 88' lang='lat'>„</span> <span class='ocrx_word' id='word_1_440' title='bbox 1102 1422 1288 1467; x_wconf 78' lang='lat' dir='ltr'>probata5‚</span> <span class='ocrx_word' id='word_1_441' title='bbox 1315 1421 1570 1457; x_wconf 83' lang='lat' dir='ltr'>ordinaverunt</span> <span class='ocrx_word' id='word_1_442' title='bbox 1596 1423 1630 1457; x_wconf 78' lang='lat'>8&lt;</span> <span class='ocrx_word' id='word_1_443' title='bbox 1660 1422 1818 1462; x_wconf 73' lang='lat' dir='ltr'>firmave-</span> 
     </span>
     <span class='ocr_line' id='line_1_77' title="bbox 1054 1470 1813 1520; baseline 0.012 -17"><span class='ocrx_word' id='word_1_444' title='bbox 1054 1494 1074 1509; x_wconf 85' lang='lat'>‚‚</span> <span class='ocrx_word' id='word_1_445' title='bbox 1102 1478 1186 1505; x_wconf 89' lang='lat' dir='ltr'>runt</span> <span class='ocrx_word' id='word_1_446' title='bbox 1222 1471 1445 1507; x_wconf 79' lang='lat' dir='ltr'>concorditer</span> <span class='ocrx_word' id='word_1_447' title='bbox 1482 1470 1521 1508; x_wconf 73' lang='grc' dir='ltr'>ἅ,</span> <span class='ocrx_word' id='word_1_448' title='bbox 1559 1475 1711 1520; x_wconf 79' lang='lat' dir='ltr'>expreffe</span> <span class='ocrx_word' id='word_1_449' title='bbox 1751 1477 1813 1512; x_wconf 65' lang='lat' dir='ltr'>tai-</span> 
     </span>
     <span class='ocr_line' id='line_1_78' title="bbox 1054 1519 1817 1563; baseline 0.01 -9"><span class='ocrx_word' id='word_1_450' title='bbox 1054 1545 1075 1559; x_wconf 86' lang='lat'>,‚</span> <span class='ocrx_word' id='word_1_451' title='bbox 1103 1519 1190 1555; x_wconf 83' lang='lat' dir='ltr'>liam</span> <span class='ocrx_word' id='word_1_452' title='bbox 1215 1520 1457 1556; x_wconf 82' lang='lat' dir='ltr'>sexcentorum</span> <span class='ocrx_word' id='word_1_453' title='bbox 1477 1522 1667 1563; x_wconf 79' lang='lat' dir='ltr'>Militum,</span> <span class='ocrx_word' id='word_1_454' title='bbox 1688 1525 1817 1562; x_wconf 86' lang='lat' dir='ltr'>ducen-</span> 
     </span>
     <span class='ocr_line' id='line_1_79' title="bbox 1053 1569 1816 1619; baseline 0.01 -15"><span class='ocrx_word' id='word_1_455' title='bbox 1053 1593 1073 1609; x_wconf 92' lang='lat'>,‚</span> <span class='ocrx_word' id='word_1_456' title='bbox 1101 1569 1225 1605; x_wconf 85' lang='lat' dir='ltr'>dorum</span> <span class='ocrx_word' id='word_1_457' title='bbox 1253 1583 1313 1618; x_wconf 86' lang='lat' dir='ltr'>per</span> <span class='ocrx_word' id='word_1_458' title='bbox 1347 1570 1459 1619; x_wconf 85' lang='lat' dir='ltr'>ipsum</span> <span class='ocrx_word' id='word_1_459' title='bbox 1497 1572 1692 1610; x_wconf 77' lang='lat' dir='ltr'>Dominum</span> <span class='ocrx_word' id='word_1_460' title='bbox 1728 1578 1816 1611; x_wconf 83' lang='lat' dir='ltr'>Car-</span> 
     </span>
    </p>
   </div>
   <div class='ocr_carea' id='block_1_12' title="bbox 983 1619 1816 1673">
    <p class='ocr_par' dir='ltr' id='par_1_15' title="bbox 983 1619 1816 1673">
     <span class='ocr_line' id='line_1_80' title="bbox 983 1619 1816 1673; baseline 0.012 -20"><span class='ocrx_word' id='word_1_461' title='bbox 983 1621 1013 1653; x_wconf 83' lang='lat' dir='ltr'>D</span> <span class='ocrx_word' id='word_1_462' title='bbox 1052 1645 1072 1660; x_wconf 86' lang='lat'>,‚</span> <span class='ocrx_word' id='word_1_463' title='bbox 1099 1619 1278 1663; x_wconf 82' lang='lat' dir='ltr'>dinalem,</span> <span class='ocrx_word' id='word_1_464' title='bbox 1306 1621 1361 1656; x_wconf 82' lang='lat' dir='ltr'>vel</span> <span class='ocrx_word' id='word_1_465' title='bbox 1389 1621 1497 1656; x_wconf 81' lang='lat' dir='ltr'>alium</span> <span class='ocrx_word' id='word_1_466' title='bbox 1535 1624 1709 1673; x_wconf 83' lang='lat' dir='ltr'>Legatum</span> <span class='ocrx_word' id='word_1_467' title='bbox 1743 1628 1816 1664; x_wconf 90' lang='lat' dir='ltr'>Do-</span> 
     </span>
    </p>
   </div>
   <div class='ocr_carea' id='block_1_13' title="bbox 1048 1669 1815 2532">
    <p class='ocr_par' dir='ltr' id='par_1_16' title="bbox 1049 1669 1815 2175">
     <span class='ocr_line' id='line_1_81' title="bbox 1054 1669 1814 1723; baseline 0.011 -19"><span class='ocrx_word' id='word_1_468' title='bbox 1054 1696 1075 1711; x_wconf 84' lang='lat'>„</span> <span class='ocrx_word' id='word_1_469' title='bbox 1100 1669 1189 1706; x_wconf 86' lang='lat' dir='ltr'>mini</span> <span class='ocrx_word' id='word_1_470' title='bbox 1227 1671 1339 1719; x_wconf 88' lang='lat' dir='ltr'>Papae</span> <span class='ocrx_word' id='word_1_471' title='bbox 1374 1670 1413 1707; x_wconf 88' lang='lat' dir='ltr'>in</span> <span class='ocrx_word' id='word_1_472' title='bbox 1449 1671 1633 1710; x_wconf 75' lang='lat' dir='ltr'>servitium</span> <span class='ocrx_word' id='word_1_473' title='bbox 1667 1689 1814 1723; x_wconf 80' lang='lat' dir='ltr'>eorum,</span> 
     </span>
     <span class='ocr_line' id='line_1_82' title="bbox 1052 1720 1813 1772; baseline 0.014 -18"><span class='ocrx_word' id='word_1_474' title='bbox 1052 1746 1074 1761; x_wconf 88' lang='lat'>‚‚</span> <span class='ocrx_word' id='word_1_475' title='bbox 1100 1720 1165 1768; x_wconf 77' lang='lat' dir='ltr'>qui</span> <span class='ocrx_word' id='word_1_476' title='bbox 1201 1730 1304 1757; x_wconf 85' lang='lat' dir='ltr'>erunt</span> <span class='ocrx_word' id='word_1_477' title='bbox 1338 1721 1383 1758; x_wconf 88' lang='lat' dir='ltr'>de</span> <span class='ocrx_word' id='word_1_478' title='bbox 1416 1722 1511 1760; x_wconf 61' lang='lat' dir='ltr'>disin</span> <span class='ocrx_word' id='word_1_479' title='bbox 1548 1725 1750 1772; x_wconf 78' lang='lat' dir='ltr'>societate,</span> <span class='ocrx_word' id='word_1_480' title='bbox 1779 1729 1813 1764; x_wconf 72' lang='grc' dir='ltr'>δε</span> 
     </span>
     <span class='ocr_line' id='line_1_83' title="bbox 1054 1772 1812 1817; baseline 0.012 -11"><span class='ocrx_word' id='word_1_481' title='bbox 1054 1797 1074 1812; x_wconf 85' lang='grc'>,,</span> <span class='ocrx_word' id='word_1_482' title='bbox 1101 1772 1248 1808; x_wconf 69' lang='lat' dir='ltr'>aliorum</span> <span class='ocrx_word' id='word_1_483' title='bbox 1276 1772 1484 1810; x_wconf 83' lang='lat' dir='ltr'>devotorum</span> <span class='ocrx_word' id='word_1_484' title='bbox 1513 1776 1708 1817; x_wconf 77' lang='lat' dir='ltr'>Ecclesiae,</span> <span class='ocrx_word' id='word_1_485' title='bbox 1736 1778 1812 1815; x_wconf 79' lang='lat' dir='ltr'>sub-</span> 
     </span>
     <span class='ocr_line' id='line_1_84' title="bbox 1054 1822 1813 1874; baseline 0.013 -18"><span class='ocrx_word' id='word_1_486' title='bbox 1054 1848 1074 1863; x_wconf 78' lang='lat'>„</span> <span class='ocrx_word' id='word_1_487' title='bbox 1100 1822 1255 1859; x_wconf 88' lang='lat' dir='ltr'>ditorum</span> <span class='ocrx_word' id='word_1_488' title='bbox 1282 1823 1345 1872; x_wconf 85' lang='lat' dir='ltr'>ipfi</span> <span class='ocrx_word' id='word_1_489' title='bbox 1369 1826 1525 1874; x_wconf 84' lang='lat' dir='ltr'>Legato.</span> <span class='ocrx_word' id='word_1_490' title='bbox 1546 1829 1706 1873; x_wconf 82' lang='lat' dir='ltr'>Quorum</span> <span class='ocrx_word' id='word_1_491' title='bbox 1737 1830 1813 1866; x_wconf 73' lang='lat' dir='ltr'>Mi-</span> 
     </span>
     <span class='ocr_line' id='line_1_85' title="bbox 1051 1873 1813 1928; baseline 0.012 -20"><span class='ocrx_word' id='word_1_492' title='bbox 1051 1898 1074 1914; x_wconf 79' lang='lat'><strong>„</strong></span> <span class='ocrx_word' id='word_1_493' title='bbox 1101 1873 1207 1910; x_wconf 84' lang='lat' dir='ltr'>litum</span> <span class='ocrx_word' id='word_1_494' title='bbox 1234 1875 1384 1912; x_wconf 83' lang='lat' dir='ltr'>trecenti</span> <span class='ocrx_word' id='word_1_495' title='bbox 1412 1875 1541 1913; x_wconf 74' lang='lat' dir='ltr'>soldari</span> <span class='ocrx_word' id='word_1_496' title='bbox 1576 1878 1726 1916; x_wconf 84' lang='lat' dir='ltr'>debeant</span> <span class='ocrx_word' id='word_1_497' title='bbox 1754 1894 1813 1928; x_wconf 82' lang='lat' dir='ltr'>per</span> 
     </span>
     <span class='ocr_line' id='line_1_86' title="bbox 1053 1923 1813 1979; baseline 0.011 -20"><span class='ocrx_word' id='word_1_498' title='bbox 1053 1949 1072 1964; x_wconf 88' lang='lat'>‚,</span> <span class='ocrx_word' id='word_1_499' title='bbox 1099 1923 1310 1965; x_wconf 81' lang='lat' dir='ltr'>Ecclefiam,</span> <span class='ocrx_word' id='word_1_500' title='bbox 1336 1925 1376 1963; x_wconf 73' lang='grc' dir='ltr'>δε</span> <span class='ocrx_word' id='word_1_501' title='bbox 1403 1927 1465 1963; x_wconf 87' lang='lat' dir='ltr'>alii</span> <span class='ocrx_word' id='word_1_502' title='bbox 1493 1929 1643 1965; x_wconf 84' lang='lat' dir='ltr'>trecenti</span> <span class='ocrx_word' id='word_1_503' title='bbox 1671 1943 1732 1979; x_wconf 89' lang='lat' dir='ltr'>per</span> <span class='ocrx_word' id='word_1_504' title='bbox 1759 1931 1813 1967; x_wconf 71' lang='lat' dir='ltr'>in-</span> 
     </span>
     <span class='ocr_line' id='line_1_87' title="bbox 1052 1974 1812 2026; baseline 0.011 -16"><span class='ocrx_word' id='word_1_505' title='bbox 1052 2001 1073 2016; x_wconf 79' lang='lat'>„</span> <span class='ocrx_word' id='word_1_506' title='bbox 1100 1974 1280 2026; x_wconf 68' lang='lat' dir='ltr'>fraseripta</span> <span class='ocrx_word' id='word_1_507' title='bbox 1306 1978 1517 2015; x_wconf 83' lang='lat' dir='ltr'>Communia</span> <span class='ocrx_word' id='word_1_508' title='bbox 1552 1978 1669 2016; x_wconf 58' lang='lat' dir='ltr'>dietae</span> <span class='ocrx_word' id='word_1_509' title='bbox 1695 1982 1812 2018; x_wconf 82' lang='lat' dir='ltr'>Socie-</span> 
     </span>
     <span class='ocr_line' id='line_1_88' title="bbox 1052 2026 1815 2076; baseline 0.012 -15"><span class='ocrx_word' id='word_1_510' title='bbox 1052 2051 1072 2066; x_wconf 85' lang='lat'>‚‚</span> <span class='ocrx_word' id='word_1_511' title='bbox 1099 2026 1208 2063; x_wconf 84' lang='lat' dir='ltr'>tatis.</span> <span class='ocrx_word' id='word_1_512' title='bbox 1236 2029 1325 2063; x_wconf 80' lang='lat' dir='ltr'>Item</span> <span class='ocrx_word' id='word_1_513' title='bbox 1352 2029 1447 2076; x_wconf 82' lang='lat' dir='ltr'>quod</span> <span class='ocrx_word' id='word_1_514' title='bbox 1483 2029 1577 2066; x_wconf 57' lang='lat' dir='ltr'>dieta</span> <span class='ocrx_word' id='word_1_515' title='bbox 1611 2032 1710 2068; x_wconf 73' lang='lat' dir='ltr'>tallia</span> <span class='ocrx_word' id='word_1_516' title='bbox 1738 2033 1815 2070; x_wconf 80' lang='lat' dir='ltr'>Mi-</span> 
     </span>
     <span class='ocr_line' id='line_1_89' title="bbox 1052 2077 1813 2122; baseline 0.016 -12"><span class='ocrx_word' id='word_1_517' title='bbox 1052 2102 1071 2116; x_wconf 81' lang='lat'><strong>„</strong></span> <span class='ocrx_word' id='word_1_518' title='bbox 1098 2077 1202 2112; x_wconf 77' lang='lat' dir='ltr'>litum</span> <span class='ocrx_word' id='word_1_519' title='bbox 1230 2077 1354 2114; x_wconf 85' lang='lat' dir='ltr'>debeat</span> <span class='ocrx_word' id='word_1_520' title='bbox 1384 2078 1507 2116; x_wconf 82' lang='lat' dir='ltr'>durare</span> <span class='ocrx_word' id='word_1_521' title='bbox 1541 2081 1578 2116; x_wconf 78' lang='lat'>8&lt;</span> <span class='ocrx_word' id='word_1_522' title='bbox 1602 2082 1813 2122; x_wconf 74' lang='lat' dir='ltr'>continuare</span> 
     </span>
     <span class='ocr_line' id='line_1_90' title="bbox 1049 2138 1337 2175; baseline 0.01 -14"><span class='ocrx_word' id='word_1_523' title='bbox 1049 2151 1071 2166; x_wconf 77' lang='lat'>‚,</span> <span class='ocrx_word' id='word_1_524' title='bbox 1098 2138 1159 2175; x_wconf 78' lang='lat' dir='ltr'>per</span> <span class='ocrx_word' id='word_1_525' title='bbox 1187 2140 1337 2164; x_wconf 81' lang='lat' dir='ltr'>annum.</span> 
     </span>
    </p>

    <p class='ocr_par' dir='ltr' id='par_1_17' title="bbox 1048 2177 1813 2532">
     <span class='ocr_line' id='line_1_91' title="bbox 1102 2177 1813 2230; baseline 0.011 -17"><span class='ocrx_word' id='word_1_526' title='bbox 1102 2201 1122 2216; x_wconf 87' lang='lat'>,‚</span> <span class='ocrx_word' id='word_1_527' title='bbox 1151 2177 1240 2213; x_wconf 73' lang='lat' dir='ltr'>Item</span> <span class='ocrx_word' id='word_1_528' title='bbox 1269 2179 1362 2226; x_wconf 84' lang='lat' dir='ltr'>quod</span> <span class='ocrx_word' id='word_1_529' title='bbox 1389 2180 1539 2216; x_wconf 78' lang='lat' dir='ltr'>trecenti</span> <span class='ocrx_word' id='word_1_530' title='bbox 1565 2181 1608 2216; x_wconf 89' lang='lat' dir='ltr'>de</span> <span class='ocrx_word' id='word_1_531' title='bbox 1634 2181 1714 2230; x_wconf 85' lang='lat' dir='ltr'>ipsis</span> <span class='ocrx_word' id='word_1_532' title='bbox 1739 2184 1813 2222; x_wconf 77' lang='lat' dir='ltr'>Mi-</span> 
     </span>
     <span class='ocr_line' id='line_1_92' title="bbox 1051 2227 1811 2278; baseline 0.012 -16"><span class='ocrx_word' id='word_1_533' title='bbox 1051 2252 1072 2267; x_wconf 88' lang='lat'><strong>„</strong></span> <span class='ocrx_word' id='word_1_534' title='bbox 1098 2227 1224 2263; x_wconf 75' lang='lat' dir='ltr'>litibus</span> <span class='ocrx_word' id='word_1_535' title='bbox 1252 2228 1335 2264; x_wconf 74' lang='lat' dir='ltr'>stare</span> <span class='ocrx_word' id='word_1_536' title='bbox 1362 2229 1510 2265; x_wconf 86' lang='lat' dir='ltr'>debeant</span> <span class='ocrx_word' id='word_1_537' title='bbox 1536 2230 1625 2267; x_wconf 85' lang='lat' dir='ltr'>citra</span> <span class='ocrx_word' id='word_1_538' title='bbox 1654 2233 1811 2278; x_wconf 74' lang='lat' dir='ltr'>Padum.</span> 
     </span>
     <span class='ocr_line' id='line_1_93' title="bbox 1048 2277 1811 2329; baseline 0.014 -18"><span class='ocrx_word' id='word_1_539' title='bbox 1048 2301 1070 2316; x_wconf 80' lang='lat'>.,</span> <span class='ocrx_word' id='word_1_540' title='bbox 1097 2277 1158 2312; x_wconf 90' lang='lat' dir='ltr'>ubi</span> <span class='ocrx_word' id='word_1_541' title='bbox 1180 2279 1333 2325; x_wconf 82' lang='lat' dir='ltr'>Legatus</span> <span class='ocrx_word' id='word_1_542' title='bbox 1363 2279 1513 2316; x_wconf 86' lang='lat' dir='ltr'>Domini</span> <span class='ocrx_word' id='word_1_543' title='bbox 1542 2282 1654 2329; x_wconf 87' lang='lat' dir='ltr'>Papae</span> <span class='ocrx_word' id='word_1_544' title='bbox 1682 2284 1811 2322; x_wconf 74' lang='lat' dir='ltr'>viderit</span> 
     </span>
     <span class='ocr_line' id='line_1_94' title="bbox 1050 2327 1810 2374; baseline 0.016 -13"><span class='ocrx_word' id='word_1_545' title='bbox 1050 2353 1070 2368; x_wconf 83' lang='lat'>.,</span> <span class='ocrx_word' id='word_1_546' title='bbox 1097 2327 1282 2374; x_wconf 81' lang='lat' dir='ltr'>expedire:</span> <span class='ocrx_word' id='word_1_547' title='bbox 1307 2327 1347 2364; x_wconf 68' lang='grc' dir='ltr'>ὅ(</span> <span class='ocrx_word' id='word_1_548' title='bbox 1368 2329 1432 2366; x_wconf 81' lang='lat' dir='ltr'>aiii</span> <span class='ocrx_word' id='word_1_549' title='bbox 1456 2333 1605 2369; x_wconf 86' lang='lat' dir='ltr'>trecenti</span> <span class='ocrx_word' id='word_1_550' title='bbox 1630 2334 1722 2371; x_wconf 78' lang='lat' dir='ltr'>ultra</span> <span class='ocrx_word' id='word_1_551' title='bbox 1748 2337 1810 2373; x_wconf 86' lang='lat' dir='ltr'>Pa-</span> 
     </span>
     <span class='ocr_line' id='line_1_95' title="bbox 1051 2377 1811 2432; baseline 0.016 -20"><span class='ocrx_word' id='word_1_552' title='bbox 1051 2404 1070 2418; x_wconf 83' lang='lat'><em>„</em></span> <span class='ocrx_word' id='word_1_553' title='bbox 1097 2377 1202 2421; x_wconf 83' lang='lat' dir='ltr'>dum,</span> <span class='ocrx_word' id='word_1_554' title='bbox 1246 2378 1307 2415; x_wconf 86' lang='lat' dir='ltr'>ubi</span> <span class='ocrx_word' id='word_1_555' title='bbox 1347 2379 1440 2418; x_wconf 85' lang='lat' dir='ltr'>idem</span> <span class='ocrx_word' id='word_1_556' title='bbox 1485 2383 1639 2432; x_wconf 72' lang='lat' dir='ltr'>Legatos</span> <span class='ocrx_word' id='word_1_557' title='bbox 1682 2386 1811 2424; x_wconf 84' lang='lat' dir='ltr'>viderit</span> 
     </span>
     <span class='ocr_line' id='line_1_96' title="bbox 1051 2428 1812 2486; baseline 0.014 -23"><span class='ocrx_word' id='word_1_558' title='bbox 1051 2456 1070 2470; x_wconf 85' lang='lat'>‚,</span> <span class='ocrx_word' id='word_1_559' title='bbox 1098 2428 1284 2477; x_wconf 73' lang='lat' dir='ltr'>expedire.</span> <span class='ocrx_word' id='word_1_560' title='bbox 1311 2431 1365 2466; x_wconf 84' lang='lat' dir='ltr'>Eo</span> <span class='ocrx_word' id='word_1_561' title='bbox 1391 2430 1508 2478; x_wconf 73' lang='lat' dir='ltr'>salvo,</span> <span class='ocrx_word' id='word_1_562' title='bbox 1536 2435 1630 2483; x_wconf 90' lang='lat' dir='ltr'>quod</span> <span class='ocrx_word' id='word_1_563' title='bbox 1654 2435 1678 2471; x_wconf 82' lang='lat' dir='ltr'>fi</span> <span class='ocrx_word' id='word_1_564' title='bbox 1704 2450 1812 2486; x_wconf 82' lang='lat' dir='ltr'>quan-</span> 
     </span>
     <span class='ocr_line' id='line_1_97' title="bbox 1050 2479 1811 2532; baseline 0.014 -19"><span class='ocrx_word' id='word_1_565' title='bbox 1050 2505 1070 2519; x_wconf 87' lang='lat'>„</span> <span class='ocrx_word' id='word_1_566' title='bbox 1097 2479 1144 2515; x_wconf 89' lang='lat' dir='ltr'>do</span> <span class='ocrx_word' id='word_1_567' title='bbox 1180 2479 1252 2529; x_wconf 80' lang='lat' dir='ltr'>ips-e</span> <span class='ocrx_word' id='word_1_568' title='bbox 1291 2483 1467 2521; x_wconf 76' lang='lat' dir='ltr'>Dominus</span> <span class='ocrx_word' id='word_1_569' title='bbox 1502 2486 1728 2532; x_wconf 76' lang='lat' dir='ltr'>cardinalis,</span> <span class='ocrx_word' id='word_1_570' title='bbox 1755 2490 1811 2524; x_wconf 84' lang='lat' dir='ltr'>vel</span> 
     </span>
    </p>
   </div>
   <div class='ocr_carea' id='block_1_14' title="bbox 1051 2530 1809 2627">
    <p class='ocr_par' dir='ltr' id='par_1_18' title="bbox 1051 2530 1809 2627">
     <span class='ocr_line' id='line_1_98' title="bbox 1051 2530 1809 2617; baseline 0.015 -52"><span class='ocrx_word' id='word_1_571' title='bbox 1051 2556 1070 2571; x_wconf 78' lang='lat'>‚‚</span> <span class='ocrx_word' id='word_1_572' title='bbox 1096 2530 1195 2617; x_wconf 51' lang='lat' dir='ltr'>amis)</span> <span class='ocrx_word' id='word_1_573' title='bbox 1239 2532 1420 2582; x_wconf 85' lang='lat' dir='ltr'>Legatus‚</span> <span class='ocrx_word' id='word_1_574' title='bbox 1470 2535 1710 2575; x_wconf 81' lang='lat' dir='ltr'>neceffitatem</span> <span class='ocrx_word' id='word_1_575' title='bbox 1750 2541 1809 2577; x_wconf 72' lang='lat' dir='ltr'>vel</span> 
     </span>
     <span class='ocr_line' id='line_1_99' title="bbox 1220 2591 1763 2627; baseline 0.013 -10"><span class='ocrx_word' id='word_1_576' title='bbox 1220 2595 1243 2617; x_wconf 82' lang='lat' dir='ltr'>o</span> <span class='ocrx_word' id='word_1_577' title='bbox 1647 2613 1668 2627; x_wconf 48' lang='lat'>,-</span> <span class='ocrx_word' id='word_1_578' title='bbox 1695 2591 1763 2624; x_wconf 73' lang='lat' dir='ltr'>uti-</span> 
     </span>
    </p>
   </div>
  </div>
 </body>
</html>
