2201 3021
407 232 486 273 595

347 348 370 365 ‚‚
399 325 568 362 buci-unta
597 329 712 365 fovea
737 329 833 366 inter
853 331 990 369 Urbem
1013 335 1107 370 Lau-

345 398 370 417 „
398 375 440 412 de
465 377 500 412 &
526 375 688 415 Castrum
720 381 842 418 effe&
869 383 915 419 est
945 385 1106 420 totaliter

345 449 369 467 ‚,
399 439 459 474 per
484 428 648 466 nostrates
665 457 676 474 ‚
713 433 747 467 δε
777 434 907 469 vallata
934 435 979 470 est
1006 435 1105 471 stello

345 500 370 518 ‚‚
396 478 432 513 δε
467 480 631 528 congruis
665 481 865 519 betifredis.
901 486 978 527 Jam
1015 486 1103 523 diffi

344 550 369 570 ‚,
395 529 676 566 Mediolanenses
718 532 820 568 nobis
865 533 993 572 instant
1013 563 1023 580 ‚
1065 546 1106 573 ut

343 602 369 619 Ἠ
396 579 562 615 refiduam
605 580 775 618 militiam
823 585 856 619 δε
900 587 1074 635 Populum
1092 616 1103 630 ,

343 652 368 671 „
395 642 503 677 quum
532 630 575 665 de
602 631 696 667 bello
723 632 885 682 sperent,
913 637 1034 674 venire
1060 639 1101 674 ad

344 702 368 721 2,
395 680 590 716 exercitum
619 681 813 731 faciamus,
848 687 883 721 &
920 687 1021 737 super
1046 704 1104 726 eo—

342 752 367 771 „
393 730 472 766 dem
514 733 712 774 Cumanis,
753 737 787 771 &
830 739 1102 777 Novarienfibus
1145 717 1190 771 fil

342 803 368 822 „
394 781 616 820 institerunt.
653 787 763 833 Super
796 801 838 824 eo
865 793 970 834 vero,
1007 793 1099 839 quod

341 854 367 874 2,
395 831 591 882 scripsistis,
627 836 721 883 quod
758 839 977 877 territorium
1016 845 1099 880 Cre-

340 905 366 924 „
393 883 608 920 monentium
636 886 834 936 supponitis
871 891 1038 929 incendio
1065 895 1099 930 &

338 955 366 975 „
393 934 535 980 ruinae,
562 949 625 972 vos
654 947 693 973 ut
720 940 894 989 Populum
923 957 1100 982 commen—

339 1006 367 1026 „
393 984 536 1031 dantes,
564 1000 771 1036 precamur,
799 1001 838 1028 ut
865 993 908 1030 fic
935 994 1100 1044 incoepta

338 1057 365 1076 a,
392 1037 521 1072 curetis
548 1037 674 1076 ducere
700 1040 738 1077 in
766 1043 956 1090 effe&um3
989 1056 1028 1084 ut
1055 1047 1099 1083 ii:-

337 1106 363 1126 2,
389 1086 469 1120 dem
507 1086 639 1128 hostes,
678 1091 742 1136 qui
778 1094 820 1128 ad
857 1096 1024 1142 vestram,
1063 1100 1097 1134 &

336 1156 361 1177 2,
389 1135 536 1172 nostram
569 1137 820 1185 depreffionem
847 1146 985 1183 cumffis
1010 1156 1098 1184 tem-

335 1208 360 1227 „
390 1186 533 1235 poribus
560 1188 778 1238 aspiratum,
807 1208 956 1242 poenam
977 1198 1018 1234 de
1039 1213 1097 1247 pa-
1138 1187 1170 1225 C

334 1258 361 1278 ‚‚
387 1238 492 1275 tratis
527 1237 713 1278 sceleribus
748 1244 905 1283 debitam
942 1249 1097 1299 undique

334 1309 360 1329 9,
388 1289 588 1335 patiantur.
621 1293 729 1330 Certe
764 1295 790 1332 fi
826 1299 1025 1346 possemus,
1061 1302 1094 1337 &

334 1358 361 1379 ς,
387 1339 424 1373 id
452 1339 531 1375 fieri
560 1343 670 1386 poffet
697 1358 778 1381 cum
804 1351 992 1388 voluntate
1019 1351 1097 1389 Me-

333 1408 360 1429 „
387 1388 666 1435 diolanenfium,
702 1395 738 1428 δε
774 1397 903 1445 absque
938 1402 1095 1447 periculo

331 1458 360 1480 ‚‚
386 1440 633 1488 negotiorum,
661 1455 752 1490 quae
777 1445 835 1482 hic
862 1448 1094 1492 incumbunt,

329 1508 358 1531 ς,
385 1490 541 1527 libenter
575 1491 720 1529 effemus
757 1497 937 1534 vobiscum
976 1501 1017 1536 ad
1045 1515 1095 1537 re—

331 1559 359 1579 „
385 1539 602 1586 primendam
632 1543 812 1581 audaciam
852 1549 974 1595 perfidi
1006 1554 1095 1586 Eccl—

332 1610 358 1629 ‚‚
385 1592 471 1635 fini,
507 1591 570 1639 qui
597 1592 676 1628 loca
709 1595 814 1632 vestra
853 1599 983 1636 nititur
1020 1600 1097 1650 sup-

331 1660 359 1681 „
385 1653 516 1690 ponere
551 1642 728 1680 vastitati:
769 1647 849 1692 cui,
892 1663 935 1685 ne
970 1652 1094 1689 Olium
1138 1643 1170 1676 D

332 1711 359 1732 ‚,
385 1691 538 1729 transeat
577 1692 616 1729 in
643 1694 851 1745 obsequium
879 1702 1097 1739 Cremonen-

332 1764 359 1783 „
385 1741 496 1788 lium,
545 1745 681 1782 debetis
719 1747 890 1796 resistere,
930 1753 966 1788 &
1007 1766 1096 1800 quae

333 1814 360 1835 ‚‚
385 1794 488 1831 vobis
507 1794 637 1841 infert,
666 1800 926 1846 aequanimiter
944 1804 1096 1842 tolerare

337 1865 361 1884 ‚,
388 1845 555 1893 quoniam
584 1846 623 1883 in
653 1848 749 1886 brevi
780 1851 897 1889 luaus
924 1854 1032 1891 vester
1056 1856 1093 1892 in

336 1916 362 1935 2,
389 1895 554 1942 gaudium
592 1909 836 1939 convertetur.
872 1906 966 1940 Nam
1004 1906 1094 1943 affli-

337 1966 362 1985 „
389 1946 454 1982 &is
482 1949 774 1988 Cremonensibus
800 1954 870 1990 erit
906 1955 978 2003 ipse
1005 1957 1095 1993 affli-

335 2017 360 2037 ‚‚
387 1996 505 2056 &ione
532 1999 692 2046 qualibet
717 2002 786 2040 fine
811 2005 993 2044 tarditatis
1018 2009 1094 2045 obi-

332 2069 359 2088 „
385 2060 425 2084 ce
454 2059 740 2087 Cll‘cumventUS·

335 2151 533 2185 Honorabili
566 2149 604 2184 εἶπ’
634 2155 764 2196 potenti
798 2155 918 2190 Militi
958 2159 1092 2192 Domino

382 2203 418 2234 Β.
445 2203 483 2236 dr
509 2203 663 2245 Ganofflz,
693 2208 823 2247 potenti
856 2207 991 2251 Confilio
1006 2230 1018 2246 ,
1045 2208 1091 2245 (θ’

383 2254 548 2287 Communi
574 2256 757 2294 Mantuae,
783 2255 949 2297 fratribus
974 2258 1093 2293 intime

376 2305 606 2349 peramandis‚
634 2306 821 2347 Laudrisius
846 2308 1013 2342 Cri-uellus
1032 2312 1090 2343 Po-

384 2355 498 2401 testas,
539 2356 707 2401 Consilium
743 2355 780 2390 &¹
814 2362 981 2394 Commune
1014 2361 1090 2395 Bri-

381 2407 486 2446 xiae,
511 2415 627 2450 optata
642 2406 764 2454 felicia
789 2420 858 2444 cum
876 2407 1006 2457 salute.

328 2532 352 2552 ,‚
474 2506 671 2557 Umentes,
709 2510 801 2557 quod
840 2509 882 2546 de
909 2510 1088 2559 captivis.

329 2585 352 2602 2,
459 2599 463 2602 ,
504 2573 591 2608 quos
630 2560 767 2596 habetis
792 2587 805 2606 1,
843 2561 946 2598 nobis
984 2561 1090 2610 pcrti-

709 225 1117 283 ANTJ'QUIT.
1165 226 1399 266 MEDII
1440 228 1622 269 AEVI

346 296 370 315 ,‚
397 273 487 315 stes,
523 274 617 324 ignis
655 275 693 314 &
731 279 818 315 belli
855 282 1023 325 praesidio
1051 282 1110 318 ha·
1135 280 1193 317 Ἀἱ

1134 2095 1159 2127 Ε

1837 239 1919 286 595

1221 309 1245 326 ‚,
1273 283 1458 323 nentibus,
1497 283 1535 321 &
1572 285 1640 330 iis,
1668 298 1756 334 quos
1793 286 1831 323 in
1870 289 1981 326 nostra

1220 358 1245 376 ‚‚
1272 332 1469 370 detinemus
1497 335 1629 372 virtute
1646 363 1656 380 ,
1693 336 1757 372 fiat
1783 350 1978 376 commuta-

1220 410 1244 427 „
1272 383 1325 420 tio
1352 384 1391 422 ὃ(
1418 387 1665 423 concambium
1700 388 1870 436 speciale,
1906 403 1980 427 cer-

1218 461 1242 479 „
1270 435 1315 471 tis
1352 437 1392 471 ad
1436 436 1519 472 haec
1555 437 1633 477 die,
1675 439 1780 483 loco,
1822 440 1855 474 δε
1895 440 1980 477 hori

1217 511 1242 528 ‚,
1270 485 1463 534 praefixi5‚
1508 488 1794 533 providentiam,
1835 489 1873 527 &
1912 491 1980 528 fra-

1217 561 1240 580 „
1271 545 1407 572 ternam
1436 536 1665 574 dilefflonem
1691 540 1833 576 vestram
1861 555 1904 578 ex
1925 542 1979 578 in-

1216 611 1241 629 „
1269 586 1362 621 tirno
1403 587 1517 623 cordis
1559 597 1694 625 attente
1734 591 1975 639 requirimus,

1218 662 1240 680 ‚,
1270 649 1386 684 preces
1426 638 1585 687 precibus
1622 642 1856 683 cumulande,
1893 656 1979 692 qua-

1216 714 1240 731 „
1267 696 1368 724 tenus
1409 689 1590 725 nobiscum
1628 690 1666 727 in
1711 691 1799 727 hanc
1841 691 1976 730 senten-

1216 765 1238 782 „
1266 737 1354 774 tiam
1384 739 1615 788 persistentes,
1638 742 1730 778 diem
1745 769 1756 786 ‚
1778 738 1919 783 locum,
1941 746 1974 780 δε

1215 815 1239 834 ‚,
1266 788 1387 826 horam
1426 790 1608 835 statuatis,
1650 792 1777 840 quibus
1814 794 1976 840 proceda-

1215 867 1239 884 „
1266 848 1324 876 tur
1350 842 1388 877 in
1417 841 1587 891 negotio,
1614 843 1647 877 8<
1670 842 1762 879 circa
1789 843 1974 891 negotium

1213 919 1237 935 „
1266 901 1523 929 memoratum.
1563 894 1610 929 Et
1654 894 1834 930 videretur
1872 895 1976 931 nobis

1212 970 1236 987 ‚,
1265 944 1476 980 conveniens
1491 971 1500 989 ‚
1517 944 1610 990 quod
1625 944 1718 980 inter
1734 946 1850 980 locum
1866 947 1976 982 Mon-

1212 1021 1236 1040 „
1264 994 1410 1035 teclari,
1439 993 1476 1031 ἃ
1506 994 1862 1031 Montemedulanum
1892 1009 1975 1031 con-

1213 1072 1236 1089 ‚,
1264 1045 1441 1081 cambium
1470 1045 1560 1081 illud
1588 1044 1671 1082 fiat.
1696 1048 1743 1082 Et
1763 1045 1786 1081 fi
1809 1045 1849 1081 ad
1879 1060 1977 1095 prae-

1212 1123 1235 1141 „
1264 1095 1398 1132 dicium
1438 1097 1681 1133 concambium
1721 1098 1882 1133 celeriter
1924 1097 1973 1133 fa-

1212 1175 1235 1192 „
1264 1146 1425 1183 ciendum
1469 1159 1539 1182 non
1582 1146 1869 1184 condescenderet
1912 1161 1974 1184 vo-

1211 1226 1236 1244 „
1263 1205 1339 1234 tum
1368 1197 1543 1243 vestrum,
1579 1211 1687 1247 quum
1716 1198 1847 1234 dudum
1875 1197 1916 1234 fit
1942 1198 1973 1235 i-

1211 1278 1235 1297 ,‚
1263 1249 1334 1285 stud
1364 1248 1546 1297 negotium
1574 1249 1810 1292 ventilatum,
1836 1250 1871 1284 &
1897 1248 1975 1285 sub-

1211 1330 1236 1348 „
1262 1299 1330 1336 diti
1359 1299 1488 1343 nostri,
1523 1298 1650 1347 quibus
1677 1298 1767 1334 diffi
1803 1299 1974 1336 carcerati

1211 1381 1236 1399 „
1263 1364 1326 1400 pro
1352 1350 1404 1388 sui
1431 1347 1688 1386 deliberatione
1712 1349 1872 1399 affignati
1901 1348 1970 1386 fue—

1210 1431 1234 1449 „
1263 1410 1342 1436 rant
1360 1426 1369 1440 ‚
1407 1401 1445 1436 in
1474 1413 1609 1436 carcere
1635 1399 1763 1435 affliffi
1792 1400 1891 1435 nobis
1918 1400 1975 1436 in·-

1210 1482 1234 1498 ‚,
1261 1450 1368 1495 stent,
1396 1450 1490 1498 quod
1518 1459 1577 1485 aut
1597 1449 1842 1485 concambium
1873 1463 1967 1497 prae--

1209 1532 1232 1549 „
1261 1500 1395 1538 dietum
1422 1500 1499 1537 fieri
1527 1499 1723 1543 faciamus,
1761 1508 1823 1535 aut
1859 1500 1971 1549 capti-

1260 1565 1344 1596 vos,
1373 1566 1461 1598 quos
1489 1551 1655 1587 habemus
1682 1551 1726 1586 de
1750 1550 1890 1595 vestris,
1919 1552 1970 1586 lo-

1209 1634 1234 1651 „
1260 1615 1303 1638 co
1329 1603 1520 1639 nostrorum
1547 1601 1673 1638 eisdem
1697 1601 1970 1650 assignatorum,

1209 1683 1232 1701 ‚‚
1260 1666 1349 1700 quos
1389 1653 1427 1689 in
1469 1653 1576 1689 vestra
1618 1652 1725 1688 fortia
1767 1652 1932 1688 detinetis
1958 1678 1970 1693 ³>

1261 1702 1312 1738 eis
1339 1703 1488 1738 debeant
1516 1703 1698 1750 affignari:
1729 1702 1873 1746 sciatis,
1899 1715 1972 1750 quo

1261 1753 1304 1789 ad
1331 1753 1483 1789 dandum
1511 1753 1545 1787 &
1573 1751 1836 1788 deliberandum
1860 1753 1972 1798 capti-

1262 1817 1356 1844 vos,
1396 1817 1484 1854 quos
1521 1802 1714 1842 habemus,
1755 1800 1974 1851 pertinentes

1209 1887 1234 1904 ‚,
1261 1856 1382 1899 nobis,
1420 1854 1547 1890 eisdem
1585 1853 1736 1889 subditis
1768 1851 1889 1887 nostris
1917 1865 1971 1887 ca-

1208 1937 1233 1955 „
1260 1906 1370 1955 privis
1409 1905 1477 1941 fine
1504 1905 1581 1940 ullo
1611 1902 1838 1940 difficultatis
1863 1903 1974 1939 obsta-

1260 1958 1341 1994 culo
1366 1956 1612 2005 procedemus.
1640 1954 1739 2001 Quid
1766 1962 1882 1990 autem
1907 1957 1971 1989 cir-

1208 2039 1232 2057 „
1259 2021 1298 2044 ca
1334 2007 1556 2056 praemissum
1595 2006 1777 2055 negotium
1809 2005 1972 2040 decreve-

1209 2089 1231 2106 ,‚
1258 2059 1308 2095 rit
1333 2058 1440 2094 vestra
1482 2057 1705 2107 providentia
1746 2055 1970 2096 faciendum,

1259 2108 1440 2142 rescribite
1485 2121 1546 2155 per
1581 2108 1724 2143 Literas
1759 2106 1882 2141 vestras
1918 2105 1968 2141 fe-

1206 2187 1232 2203 „
1258 2158 1379 2192 tendas
1419 2169 1439 2191 a
1479 2155 1711 2205 praesentium
1756 2154 1931 2202 portitore
1956 2181 1967 2192 ο

1206 2237 1231 2255 ,‚
1259 2208 1313 2243 De
1339 2205 1490 2255 captivis
1526 2215 1669 2249 autem,
1701 2206 1765 2254 qui
1801 2214 1902 2242 erant
1927 2206 1968 2242 in

1206 2287 1230 2307 ‚9
1258 2257 1392 2294 virtute
1416 2255 1632 2293 Communis
1652 2257 1819 2301 Brixiae,
1846 2255 1884 2292 δε
1906 2270 1969 2292 νο-

1206 2338 1230 2357 ‚,
1258 2308 1310 2345 bis
1340 2308 1559 2344 obvenerunt
1593 2307 1633 2344 in
1669 2317 1793 2354 parte.
1832 2306 1964 2356 Ugoli-

1206 2389 1230 2407 ,‚
1258 2372 1322 2395 nus
1350 2360 1391 2395 de
1418 2360 1595 2395 Cremona
1612 2385 1622 2403 ,
1655 2357 1694 2396 δι
1721 2357 1877 2396 Cacinus
1905 2360 1969 2395 Pe·

1206 2440 1230 2458 „
1256 2410 1303 2446 tri
1332 2409 1512 2446 Manfredi
1542 2409 1674 2446 mortui
1702 2409 1807 2454 sunt,
1845 2410 1878 2445 &
1907 2408 1968 2446 Zi-

1204 2491 1228 2507 „
1255 2461 1374 2497 toldus
1399 2461 1441 2497 de
1470 2460 1734 2497 Montecliveto
1758 2461 1799 2497 de
1825 2462 1964 2496 Verona

1204 2541 1227 2558 ‚‚
1256 2526 1316 2558 per
1354 2509 1471 2558 fugam
1509 2511 1614 2547 evasit
1641 2511 1684 2548 de
1713 2525 1875 2549 carcere.
1911 2512 1966 2546 De

1203 2591 1227 2607 u
1254 2562 1329 2599 illis
1356 2565 1440 2599 vero
1468 2561 1641 2612 captivis,
1667 2562 1710 2600 de
1736 2562 1863 2614 quibus
1889 2568 1964 2597 erat

1762 2641 1788 2660 ‚,
1813 2614 1910 2649 inter

1209 1583 1234 1599 1,

1209 1734 1233 1751 Ἃ

1209 1785 1234 1802 u

1209 1836 1233 1853 5)

1209 1988 1233 2007 9,

1207 2138 1232 2154 99
