<?xml version="1.0" encoding="UTF-8"?>
<!DOCTYPE html PUBLIC "-//W3C//DTD XHTML 1.0 Transitional//EN"
    "http://www.w3.org/TR/xhtml1/DTD/xhtml1-transitional.dtd">
<html xmlns="http://www.w3.org/1999/xhtml" xml:lang="en" lang="en">
 <head>
  <title>
</title>
<meta http-equiv="Content-Type" content="text/html;charset=utf-8" />
  <meta name='ocr-system' content='tesseract 3.04.00' />
  <meta name='ocr-capabilities' content='ocr_page ocr_carea ocr_par ocr_line ocrx_word'/>
</head>
<body>
  <div class='ocr_page' id='page_1' title='image "antiquitatesital10mura_0305.png"; bbox 0 0 2201 3021; ppageno 0'>
   <div class='ocr_carea' id='block_1_1' title="bbox 207 221 290 274">
    <p class='ocr_par' dir='ltr' id='par_1_1' title="bbox 207 221 290 274">
     <span class='ocr_line' id='line_1_1' title="bbox 207 221 290 274; baseline 0.012 -1"><span class='ocrx_word' id='word_1_1' title='bbox 207 221 290 274; x_wconf 76' lang='lat'>583</span> 
     </span>
    </p>
   </div>
   <div class='ocr_carea' id='block_1_2' title="bbox 488 212 1437 275">
    <p class='ocr_par' dir='ltr' id='par_1_2' title="bbox 488 212 1437 275">
     <span class='ocr_line' id='line_1_2' title="bbox 488 212 1437 275; baseline -0.008 -18"><span class='ocrx_word' id='word_1_2' title='bbox 488 214 883 258; x_wconf 66' lang='lat' dir='ltr'>DJSffiRTATm</span> <span class='ocrx_word' id='word_1_3' title='bbox 914 212 1417 275; x_wconf 57' lang='lat' dir='ltr'><em>„QUINQUAGESIMA</em></span> <span class='ocrx_word' id='word_1_4' title='bbox 1427 241 1437 251; x_wconf 89' lang='lat'>.</span> 
     </span>
    </p>
   </div>
   <div class='ocr_carea' id='block_1_3' title="bbox 1641 212 1725 267">
    <p class='ocr_par' dir='ltr' id='par_1_3' title="bbox 1641 212 1725 267">
     <span class='ocr_line' id='line_1_3' title="bbox 1641 212 1725 267; baseline 0 -12"><span class='ocrx_word' id='word_1_5' title='bbox 1641 212 1725 267; x_wconf 72' lang='lat'>386</span> 
     </span>
    </p>
   </div>
   <div class='ocr_carea' id='block_1_4' title="bbox 145 270 1784 322">
    <p class='ocr_par' dir='ltr' id='par_1_4' title="bbox 145 270 1784 322">
     <span class='ocr_line' id='line_1_4' title="bbox 145 270 1784 322; baseline 0.001 -10"><span class='ocrx_word' id='word_1_6' title='bbox 145 300 166 316; x_wconf 81' lang='lat'>‚.</span> <span class='ocrx_word' id='word_1_7' title='bbox 192 277 258 312; x_wconf 84' lang='lat' dir='ltr'>lis:</span> <span class='ocrx_word' id='word_1_8' title='bbox 288 274 444 310; x_wconf 83' lang='lat' dir='ltr'>tamdem</span> <span class='ocrx_word' id='word_1_9' title='bbox 470 273 542 322; x_wconf 85' lang='lat' dir='ltr'>ipse</span> <span class='ocrx_word' id='word_1_10' title='bbox 568 270 744 307; x_wconf 86' lang='lat' dir='ltr'>Dominus</span> <span class='ocrx_word' id='word_1_11' title='bbox 777 271 901 308; x_wconf 87' lang='lat' dir='ltr'>Cardi-</span> <span class='ocrx_word' id='word_1_12' title='bbox 946 281 976 308; x_wconf 71' lang='lat' dir='ltr'>A</span> <span class='ocrx_word' id='word_1_13' title='bbox 1021 295 1040 309; x_wconf 61' lang='grc' dir='ltr'><em>η</em></span> <span class='ocrx_word' id='word_1_14' title='bbox 1067 282 1164 312; x_wconf 83' lang='lat' dir='ltr'>num,</span> <span class='ocrx_word' id='word_1_15' title='bbox 1188 270 1453 310; x_wconf 79' lang='lat' dir='ltr'>Alexandriam,</span> <span class='ocrx_word' id='word_1_16' title='bbox 1478 270 1687 313; x_wconf 65' lang='lat' dir='ltr'>vattriam,</span> <span class='ocrx_word' id='word_1_17' title='bbox 1708 270 1784 304; x_wconf 66' lang='lat' dir='ltr'>Bri·</span> 
     </span>
    </p>
   </div>
   <div class='ocr_carea' id='block_1_5' title="bbox 143 320 910 1131">
    <p class='ocr_par' dir='ltr' id='par_1_5' title="bbox 143 320 910 1131">
     <span class='ocr_line' id='line_1_5' title="bbox 146 320 902 371; baseline -0.004 -9"><span class='ocrx_word' id='word_1_18' title='bbox 146 350 166 366; x_wconf 84' lang='lat'>„</span> <span class='ocrx_word' id='word_1_19' title='bbox 193 326 284 363; x_wconf 82' lang='lat' dir='ltr'>nalis</span> <span class='ocrx_word' id='word_1_20' title='bbox 310 324 422 361; x_wconf 61' lang='lat' dir='ltr'>dietas</span> <span class='ocrx_word' id='word_1_21' title='bbox 447 320 633 371; x_wconf 84' lang='lat' dir='ltr'>expensas,</span> <span class='ocrx_word' id='word_1_22' title='bbox 670 320 738 357; x_wconf 86' lang='lat' dir='ltr'>five</span> <span class='ocrx_word' id='word_1_23' title='bbox 765 323 902 359; x_wconf 82' lang='lat' dir='ltr'>talliam</span> 
     </span>
     <span class='ocr_line' id='line_1_6' title="bbox 145 371 903 425; baseline -0.003 -12"><span class='ocrx_word' id='word_1_24' title='bbox 145 401 166 417; x_wconf 88' lang='lat'>‚‚</span> <span class='ocrx_word' id='word_1_25' title='bbox 193 374 457 425; x_wconf 80' lang='lat' dir='ltr'>quatuordecim</span> <span class='ocrx_word' id='word_1_26' title='bbox 508 371 664 408; x_wconf 88' lang='lat' dir='ltr'>millium</span> <span class='ocrx_word' id='word_1_27' title='bbox 714 372 903 411; x_wconf 82' lang='lat' dir='ltr'>Librarum</span> 
     </span>
     <span class='ocr_line' id='line_1_7' title="bbox 143 421 904 476; baseline -0.008 -10"><span class='ocrx_word' id='word_1_28' title='bbox 143 450 166 469; x_wconf 75' lang='lat' dir='ltr'><strong><em>v</em></strong></span> <span class='ocrx_word' id='word_1_29' title='bbox 193 426 434 476; x_wconf 83' lang='lat' dir='ltr'>Imperialium</span> <span class='ocrx_word' id='word_1_30' title='bbox 474 421 593 459; x_wconf 75' lang='lat' dir='ltr'>divisit</span> <span class='ocrx_word' id='word_1_31' title='bbox 634 424 670 459; x_wconf 89' lang='lat'>&amp;</span> <span class='ocrx_word' id='word_1_32' title='bbox 719 422 904 473; x_wconf 84' lang='lat' dir='ltr'>affignavit</span> 
     </span>
     <span class='ocr_line' id='line_1_8' title="bbox 147 473 905 520; baseline -0.003 -6"><span class='ocrx_word' id='word_1_33' title='bbox 147 502 168 520; x_wconf 86' lang='lat'>‚‚</span> <span class='ocrx_word' id='word_1_34' title='bbox 195 478 289 514; x_wconf 86' lang='lat' dir='ltr'>inter</span> <span class='ocrx_word' id='word_1_35' title='bbox 321 473 432 510; x_wconf 65' lang='lat' dir='ltr'>dietas</span> <span class='ocrx_word' id='word_1_36' title='bbox 467 475 596 510; x_wconf 84' lang='lat' dir='ltr'>Terras</span> <span class='ocrx_word' id='word_1_37' title='bbox 630 475 666 510; x_wconf 81' lang='grc' dir='ltr'>δε</span> <span class='ocrx_word' id='word_1_38' title='bbox 704 475 804 519; x_wconf 85' lang='lat' dir='ltr'>loca,</span> <span class='ocrx_word' id='word_1_39' title='bbox 837 475 905 512; x_wconf 84' lang='lat' dir='ltr'>five</span> 
     </span>
     <span class='ocr_line' id='line_1_9' title="bbox 146 524 904 573; baseline -0.007 -6"><span class='ocrx_word' id='word_1_40' title='bbox 146 553 167 569; x_wconf 64' lang='grc' dir='ltr'>,ι</span> <span class='ocrx_word' id='word_1_41' title='bbox 194 528 232 564; x_wconf 88' lang='lat' dir='ltr'>in</span> <span class='ocrx_word' id='word_1_42' title='bbox 271 524 425 573; x_wconf 85' lang='lat' dir='ltr'>ipsorum</span> <span class='ocrx_word' id='word_1_43' title='bbox 469 524 621 561; x_wconf 85' lang='lat' dir='ltr'>custodia</span> <span class='ocrx_word' id='word_1_44' title='bbox 662 525 729 562; x_wconf 90' lang='lat' dir='ltr'>hoc</span> <span class='ocrx_word' id='word_1_45' title='bbox 770 526 904 568; x_wconf 85' lang='lat' dir='ltr'>modo,</span> 
     </span>
     <span class='ocr_line' id='line_1_10' title="bbox 147 576 902 624; baseline 0 -11"><span class='ocrx_word' id='word_1_46' title='bbox 147 604 167 618; x_wconf 91' lang='lat'>„</span> <span class='ocrx_word' id='word_1_47' title='bbox 193 576 350 613; x_wconf 86' lang='lat' dir='ltr'>scilicet:</span> <span class='ocrx_word' id='word_1_48' title='bbox 396 588 459 624; x_wconf 85' lang='lat' dir='ltr'>pro</span> <span class='ocrx_word' id='word_1_49' title='bbox 498 576 650 613; x_wconf 81' lang='lat' dir='ltr'>custodia</span> <span class='ocrx_word' id='word_1_50' title='bbox 693 583 829 613; x_wconf 83' lang='lat' dir='ltr'>Parmae</span> <span class='ocrx_word' id='word_1_51' title='bbox 869 580 902 614; x_wconf 74' lang='grc' dir='ltr'><strong>ἃ</strong></span> 
     </span>
     <span class='ocr_line' id='line_1_11' title="bbox 144 626 904 678; baseline 0.004 -16"><span class='ocrx_word' id='word_1_52' title='bbox 144 653 164 669; x_wconf 89' lang='grc'>,,</span> <span class='ocrx_word' id='word_1_53' title='bbox 191 626 328 662; x_wconf 88' lang='lat' dir='ltr'>suorum</span> <span class='ocrx_word' id='word_1_54' title='bbox 350 626 510 663; x_wconf 83' lang='lat' dir='ltr'>locorum</span> <span class='ocrx_word' id='word_1_55' title='bbox 536 627 676 663; x_wconf 85' lang='lat' dir='ltr'>taxavit</span> <span class='ocrx_word' id='word_1_56' title='bbox 696 627 733 664; x_wconf 86' lang='lat'>&amp;</span> <span class='ocrx_word' id='word_1_57' title='bbox 760 629 904 678; x_wconf 82' lang='lat' dir='ltr'>affigna-</span> 
     </span>
     <span class='ocr_line' id='line_1_12' title="bbox 144 676 906 726; baseline 0.003 -14"><span class='ocrx_word' id='word_1_58' title='bbox 144 703 164 719; x_wconf 83' lang='lat'>‚‚</span> <span class='ocrx_word' id='word_1_59' title='bbox 191 676 246 713; x_wconf 88' lang='lat' dir='ltr'>vit</span> <span class='ocrx_word' id='word_1_60' title='bbox 285 677 409 713; x_wconf 82' lang='lat' dir='ltr'>debere</span> <span class='ocrx_word' id='word_1_61' title='bbox 445 676 521 714; x_wconf 88' lang='lat' dir='ltr'>dari</span> <span class='ocrx_word' id='word_1_62' title='bbox 556 678 588 713; x_wconf 74' lang='lat'>8&lt;</span> <span class='ocrx_word' id='word_1_63' title='bbox 628 679 777 726; x_wconf 81' lang='lat' dir='ltr'>expendi</span> <span class='ocrx_word' id='word_1_64' title='bbox 819 682 906 714; x_wconf 81' lang='lat' dir='ltr'>Tria</span> 
     </span>
     <span class='ocr_line' id='line_1_13' title="bbox 145 727 905 777; baseline 0.005 -15"><span class='ocrx_word' id='word_1_65' title='bbox 145 753 166 769; x_wconf 67' lang='lat'>‚0</span> <span class='ocrx_word' id='word_1_66' title='bbox 192 729 299 763; x_wconf 84' lang='lat' dir='ltr'>millia</span> <span class='ocrx_word' id='word_1_67' title='bbox 341 727 519 764; x_wconf 77' lang='lat' dir='ltr'>Librarum</span> <span class='ocrx_word' id='word_1_68' title='bbox 555 731 805 773; x_wconf 79' lang='lat' dir='ltr'>Imperialium:</span> <span class='ocrx_word' id='word_1_69' title='bbox 843 744 905 777; x_wconf 84' lang='lat' dir='ltr'>pro</span> 
     </span>
     <span class='ocr_line' id='line_1_14' title="bbox 146 778 905 820; baseline 0.003 -5"><span class='ocrx_word' id='word_1_70' title='bbox 146 803 167 820; x_wconf 87' lang='lat'>„</span> <span class='ocrx_word' id='word_1_71' title='bbox 194 778 348 815; x_wconf 80' lang='lat' dir='ltr'>custodia</span> <span class='ocrx_word' id='word_1_72' title='bbox 386 793 470 816; x_wconf 87' lang='lat' dir='ltr'>vero</span> <span class='ocrx_word' id='word_1_73' title='bbox 505 780 664 815; x_wconf 88' lang='lat' dir='ltr'>locorum</span> <span class='ocrx_word' id='word_1_74' title='bbox 708 783 905 817; x_wconf 83' lang='lat' dir='ltr'>Placentino-</span> 
     </span>
     <span class='ocr_line' id='line_1_15' title="bbox 146 829 907 871; baseline 0.004 -7"><span class='ocrx_word' id='word_1_75' title='bbox 146 855 167 871; x_wconf 81' lang='lat'>..</span> <span class='ocrx_word' id='word_1_76' title='bbox 194 843 265 864; x_wconf 79' lang='lat' dir='ltr'>ram</span> <span class='ocrx_word' id='word_1_77' title='bbox 291 829 567 867; x_wconf 85' lang='lat' dir='ltr'>extrinsecorum</span> <span class='ocrx_word' id='word_1_78' title='bbox 595 833 681 866; x_wconf 87' lang='lat' dir='ltr'>Tria</span> <span class='ocrx_word' id='word_1_79' title='bbox 707 834 823 867; x_wconf 74' lang='lat' dir='ltr'>Millia</span> <span class='ocrx_word' id='word_1_80' title='bbox 849 834 907 867; x_wconf 87' lang='lat' dir='ltr'>Li-</span> 
     </span>
     <span class='ocr_line' id='line_1_16' title="bbox 147 879 907 931; baseline 0.005 -16"><span class='ocrx_word' id='word_1_81' title='bbox 147 905 170 922; x_wconf 88' lang='lat'>„</span> <span class='ocrx_word' id='word_1_82' title='bbox 196 879 330 916; x_wconf 86' lang='lat' dir='ltr'>brarum</span> <span class='ocrx_word' id='word_1_83' title='bbox 366 884 619 926; x_wconf 59' lang='lat' dir='ltr'>smper-iulium:</span> <span class='ocrx_word' id='word_1_84' title='bbox 655 895 717 931; x_wconf 81' lang='lat' dir='ltr'>pro</span> <span class='ocrx_word' id='word_1_85' title='bbox 754 883 907 919; x_wconf 85' lang='lat' dir='ltr'>custodia</span> 
     </span>
     <span class='ocr_line' id='line_1_17' title="bbox 145 932 908 977; baseline 0.004 -12"><span class='ocrx_word' id='word_1_86' title='bbox 145 956 167 973; x_wconf 89' lang='lat'>„</span> <span class='ocrx_word' id='word_1_87' title='bbox 193 945 277 968; x_wconf 90' lang='lat' dir='ltr'>vero</span> <span class='ocrx_word' id='word_1_88' title='bbox 312 932 474 968; x_wconf 84' lang='lat' dir='ltr'>locorum</span> <span class='ocrx_word' id='word_1_89' title='bbox 510 934 704 977; x_wconf 76' lang='lat' dir='ltr'><em>Reginorum</em></span> <span class='ocrx_word' id='word_1_90' title='bbox 738 932 908 970; x_wconf 85' lang='lat' dir='ltr'>extrinse-</span> 
     </span>
     <span class='ocr_line' id='line_1_18' title="bbox 145 982 910 1028; baseline 0.001 -11"><span class='ocrx_word' id='word_1_91' title='bbox 145 1006 167 1021; x_wconf 84' lang='lat'>‚‚</span> <span class='ocrx_word' id='word_1_92' title='bbox 194 993 314 1018; x_wconf 87' lang='lat' dir='ltr'>corum</span> <span class='ocrx_word' id='word_1_93' title='bbox 351 983 454 1016; x_wconf 83' lang='lat' dir='ltr'>Mille</span> <span class='ocrx_word' id='word_1_94' title='bbox 487 985 747 1028; x_wconf 65' lang='lat' dir='ltr'>quadringentas</span> <span class='ocrx_word' id='word_1_95' title='bbox 787 982 910 1019; x_wconf 82' lang='lat' dir='ltr'>Libras</span> 
     </span>
     <span class='ocr_line' id='line_1_19' title="bbox 145 1033 910 1082; baseline 0.008 -17"><span class='ocrx_word' id='word_1_96' title='bbox 145 1057 166 1073; x_wconf 83' lang='lat'>‚,</span> <span class='ocrx_word' id='word_1_97' title='bbox 192 1033 407 1077; x_wconf 80' lang='lat' dir='ltr'>Imperiales:</span> <span class='ocrx_word' id='word_1_98' title='bbox 435 1046 498 1082; x_wconf 85' lang='lat' dir='ltr'>pro</span> <span class='ocrx_word' id='word_1_99' title='bbox 526 1033 678 1070; x_wconf 85' lang='lat' dir='ltr'>custodia</span> <span class='ocrx_word' id='word_1_100' title='bbox 705 1049 785 1071; x_wconf 84' lang='lat' dir='ltr'>vero</span> <span class='ocrx_word' id='word_1_101' title='bbox 813 1037 910 1071; x_wconf 88' lang='lat' dir='ltr'>loco-</span> 
     </span>
     <span class='ocr_line' id='line_1_20' title="bbox 146 1085 910 1131; baseline 0.005 -13"><span class='ocrx_word' id='word_1_102' title='bbox 146 1106 166 1122; x_wconf 79' lang='lat'>„</span> <span class='ocrx_word' id='word_1_103' title='bbox 192 1095 272 1118; x_wconf 87' lang='lat' dir='ltr'>rum</span> <span class='ocrx_word' id='word_1_104' title='bbox 314 1085 566 1129; x_wconf 74' lang='lat' dir='ltr'>Cremonenſsnm</span> <span class='ocrx_word' id='word_1_105' title='bbox 606 1085 910 1131; x_wconf 72' lang='lat' dir='ltr'>extrinsecorum,</span> 
     </span>
    </p>
   </div>
   <div class='ocr_carea' id='block_1_6' title="bbox 148 1130 940 1182">
    <p class='ocr_par' dir='ltr' id='par_1_6' title="bbox 148 1130 940 1182">
     <span class='ocr_line' id='line_1_21' title="bbox 148 1130 940 1182; baseline 0.004 -14"><span class='ocrx_word' id='word_1_106' title='bbox 148 1157 168 1173; x_wconf 90' lang='lat'>,‚</span> <span class='ocrx_word' id='word_1_107' title='bbox 195 1130 263 1169; x_wconf 84' lang='lat' dir='ltr'>five</span> <span class='ocrx_word' id='word_1_108' title='bbox 289 1132 369 1182; x_wconf 85' lang='lat' dir='ltr'>ipfis</span> <span class='ocrx_word' id='word_1_109' title='bbox 396 1135 688 1173; x_wconf 69' lang='lat' dir='ltr'>Cremonensibus</span> <span class='ocrx_word' id='word_1_110' title='bbox 712 1142 784 1172; x_wconf 80' lang='lat' dir='ltr'>Duo</span> <span class='ocrx_word' id='word_1_111' title='bbox 806 1139 914 1172; x_wconf 81' lang='lat' dir='ltr'>millia</span> <span class='ocrx_word' id='word_1_112' title='bbox 938 1151 940 1168; x_wconf 54' lang='lat' dir='ltr'>a</span> 
     </span>
    </p>
   </div>
   <div class='ocr_carea' id='block_1_7' title="bbox 146 1186 913 1588">
    <p class='ocr_par' dir='ltr' id='par_1_7' title="bbox 146 1186 913 1588">
     <span class='ocr_line' id='line_1_22' title="bbox 147 1186 913 1236; baseline 0.009 -19"><span class='ocrx_word' id='word_1_113' title='bbox 147 1208 168 1224; x_wconf 89' lang='lat'>‚,</span> <span class='ocrx_word' id='word_1_114' title='bbox 196 1186 373 1219; x_wconf 77' lang='lat' dir='ltr'>Librarum</span> <span class='ocrx_word' id='word_1_115' title='bbox 400 1188 644 1230; x_wconf 79' lang='lat' dir='ltr'>Imperialinm:</span> <span class='ocrx_word' id='word_1_116' title='bbox 672 1201 733 1236; x_wconf 84' lang='lat' dir='ltr'>pro</span> <span class='ocrx_word' id='word_1_117' title='bbox 760 1188 913 1224; x_wconf 84' lang='lat' dir='ltr'>custodia</span> 
     </span>
     <span class='ocr_line' id='line_1_23' title="bbox 147 1235 913 1285; baseline 0.008 -17"><span class='ocrx_word' id='word_1_118' title='bbox 147 1258 168 1273; x_wconf 85' lang='lat'>‚‚</span> <span class='ocrx_word' id='word_1_119' title='bbox 195 1247 278 1270; x_wconf 87' lang='lat' dir='ltr'>vero</span> <span class='ocrx_word' id='word_1_120' title='bbox 305 1235 465 1272; x_wconf 83' lang='lat' dir='ltr'>locorum</span> <span class='ocrx_word' id='word_1_121' title='bbox 503 1240 744 1285; x_wconf 75' lang='lat' dir='ltr'>Vertellenfium</span> <span class='ocrx_word' id='word_1_122' title='bbox 778 1239 913 1276; x_wconf 82' lang='lat' dir='ltr'>extrin-</span> 
     </span>
     <span class='ocr_line' id='line_1_24' title="bbox 146 1283 912 1325; baseline 0.004 -3"><span class='ocrx_word' id='word_1_123' title='bbox 146 1308 168 1324; x_wconf 62' lang='grc' dir='ltr'>,ι</span> <span class='ocrx_word' id='word_1_124' title='bbox 195 1283 351 1321; x_wconf 86' lang='lat' dir='ltr'>secorum</span> <span class='ocrx_word' id='word_1_125' title='bbox 388 1288 490 1322; x_wconf 89' lang='lat' dir='ltr'>Mille</span> <span class='ocrx_word' id='word_1_126' title='bbox 517 1291 669 1324; x_wconf 81' lang='lat' dir='ltr'>ducentas</span> <span class='ocrx_word' id='word_1_127' title='bbox 696 1292 817 1325; x_wconf 79' lang='lat' dir='ltr'>Libras</span> <span class='ocrx_word' id='word_1_128' title='bbox 849 1295 912 1325; x_wconf 82' lang='lat' dir='ltr'>Im-</span> 
     </span>
     <span class='ocr_line' id='line_1_25' title="bbox 148 1337 912 1385; baseline 0.013 -18"><span class='ocrx_word' id='word_1_129' title='bbox 148 1358 166 1373; x_wconf 89' lang='lat'><strong>„</strong></span> <span class='ocrx_word' id='word_1_130' title='bbox 188 1337 356 1379; x_wconf 80' lang='lat' dir='ltr'>periales:</span> <span class='ocrx_word' id='word_1_131' title='bbox 395 1351 457 1385; x_wconf 81' lang='lat' dir='ltr'>pro</span> <span class='ocrx_word' id='word_1_132' title='bbox 485 1339 641 1376; x_wconf 80' lang='lat' dir='ltr'>custodia</span> <span class='ocrx_word' id='word_1_133' title='bbox 678 1354 762 1376; x_wconf 83' lang='lat' dir='ltr'>vero</span> <span class='ocrx_word' id='word_1_134' title='bbox 798 1340 912 1377; x_wconf 64' lang='lat' dir='ltr'>difflo-</span> 
     </span>
     <span class='ocr_line' id='line_1_26' title="bbox 148 1386 913 1433; baseline 0.008 -14"><span class='ocrx_word' id='word_1_135' title='bbox 148 1409 168 1423; x_wconf 85' lang='lat'>„</span> <span class='ocrx_word' id='word_1_136' title='bbox 195 1398 271 1420; x_wconf 82' lang='lat' dir='ltr'>rum</span> <span class='ocrx_word' id='word_1_137' title='bbox 298 1386 406 1421; x_wconf 80' lang='lat' dir='ltr'>trium</span> <span class='ocrx_word' id='word_1_138' title='bbox 434 1389 615 1432; x_wconf 84' lang='lat' dir='ltr'>Castrorum</span> <span class='ocrx_word' id='word_1_139' title='bbox 644 1393 780 1433; x_wconf 77' lang='lat' dir='ltr'>Lodoyci</span> <span class='ocrx_word' id='word_1_140' title='bbox 807 1393 913 1425; x_wconf 81' lang='lat' dir='ltr'>Comi-</span> 
     </span>
     <span class='ocr_line' id='line_1_27' title="bbox 147 1437 912 1483; baseline 0.007 -14"><span class='ocrx_word' id='word_1_141' title='bbox 147 1459 168 1475; x_wconf 86' lang='lat'>„</span> <span class='ocrx_word' id='word_1_142' title='bbox 193 1437 241 1470; x_wconf 86' lang='lat' dir='ltr'>tis</span> <span class='ocrx_word' id='word_1_143' title='bbox 268 1439 435 1480; x_wconf 79' lang='lat' dir='ltr'><em>Veronae,</em></span> <span class='ocrx_word' id='word_1_144' title='bbox 462 1438 670 1483; x_wconf 59' lang='lat' dir='ltr'>offingentas</span> <span class='ocrx_word' id='word_1_145' title='bbox 701 1441 821 1474; x_wconf 84' lang='lat' dir='ltr'>Libras</span> <span class='ocrx_word' id='word_1_146' title='bbox 849 1443 912 1474; x_wconf 85' lang='lat' dir='ltr'>Im-</span> 
     </span>
     <span class='ocr_line' id='line_1_28' title="bbox 149 1488 913 1535; baseline 0.009 -16"><span class='ocrx_word' id='word_1_147' title='bbox 149 1505 169 1526; x_wconf 85' lang='lat'>„</span> <span class='ocrx_word' id='word_1_148' title='bbox 191 1488 353 1531; x_wconf 87' lang='lat' dir='ltr'>periales:</span> <span class='ocrx_word' id='word_1_149' title='bbox 391 1500 454 1535; x_wconf 88' lang='lat' dir='ltr'>pro</span> <span class='ocrx_word' id='word_1_150' title='bbox 490 1488 643 1524; x_wconf 84' lang='lat' dir='ltr'>custodia</span> <span class='ocrx_word' id='word_1_151' title='bbox 681 1503 764 1526; x_wconf 84' lang='lat' dir='ltr'>vero</span> <span class='ocrx_word' id='word_1_152' title='bbox 798 1489 913 1526; x_wconf 62' lang='lat' dir='ltr'>disto·</span> 
     </span>
     <span class='ocr_line' id='line_1_29' title="bbox 148 1536 913 1588; baseline 0.005 -16"><span class='ocrx_word' id='word_1_153' title='bbox 148 1560 168 1576; x_wconf 88' lang='lat'>‚,</span> <span class='ocrx_word' id='word_1_154' title='bbox 194 1549 270 1573; x_wconf 82' lang='lat' dir='ltr'>rum</span> <span class='ocrx_word' id='word_1_155' title='bbox 313 1536 423 1574; x_wconf 82' lang='lat' dir='ltr'>trium</span> <span class='ocrx_word' id='word_1_156' title='bbox 464 1541 665 1585; x_wconf 77' lang='lat' dir='ltr'>Castrorum,</span> <span class='ocrx_word' id='word_1_157' title='bbox 703 1553 792 1588; x_wconf 85' lang='lat' dir='ltr'>quae</span> <span class='ocrx_word' id='word_1_158' title='bbox 833 1540 913 1576; x_wconf 88' lang='lat' dir='ltr'>sunt</span> 
     </span>
    </p>
   </div>
   <div class='ocr_carea' id='block_1_8' title="bbox 148 1586 942 1688">
    <p class='ocr_par' dir='ltr' id='par_1_8' title="bbox 148 1586 942 1688">
     <span class='ocr_line' id='line_1_30' title="bbox 148 1586 941 1637; baseline 0.003 -14"><span class='ocrx_word' id='word_1_159' title='bbox 148 1610 167 1627; x_wconf 89' lang='lat'>‚‚</span> <span class='ocrx_word' id='word_1_160' title='bbox 193 1586 232 1623; x_wconf 84' lang='lat' dir='ltr'>in</span> <span class='ocrx_word' id='word_1_161' title='bbox 270 1588 397 1637; x_wconf 85' lang='lat' dir='ltr'>podere</span> <span class='ocrx_word' id='word_1_162' title='bbox 433 1593 685 1631; x_wconf 71' lang='lat' dir='ltr'>Lendenariae,</span> <span class='ocrx_word' id='word_1_163' title='bbox 716 1593 816 1626; x_wconf 84' lang='lat' dir='ltr'>Mille</span> <span class='ocrx_word' id='word_1_164' title='bbox 844 1604 913 1625; x_wconf 83' lang='lat' dir='ltr'>cen·</span> <span class='ocrx_word' id='word_1_165' title='bbox 940 1608 941 1617; x_wconf 35' lang='grc' dir='ltr'><strong>κ</strong></span> 
     </span>
     <span class='ocr_line' id='line_1_31' title="bbox 149 1638 942 1688; baseline 0.004 -16"><span class='ocrx_word' id='word_1_166' title='bbox 149 1662 169 1678; x_wconf 83' lang='grc'>,,</span> <span class='ocrx_word' id='word_1_167' title='bbox 196 1648 265 1672; x_wconf 85' lang='lat' dir='ltr'>tum</span> <span class='ocrx_word' id='word_1_168' title='bbox 291 1638 413 1675; x_wconf 82' lang='lat' dir='ltr'>Libras</span> <span class='ocrx_word' id='word_1_169' title='bbox 436 1643 648 1686; x_wconf 85' lang='lat' dir='ltr'>Imperiales:</span> <span class='ocrx_word' id='word_1_170' title='bbox 674 1655 736 1688; x_wconf 82' lang='lat' dir='ltr'>pro</span> <span class='ocrx_word' id='word_1_171' title='bbox 761 1641 913 1676; x_wconf 85' lang='lat' dir='ltr'>custodia</span> <span class='ocrx_word' id='word_1_172' title='bbox 940 1672 942 1687; x_wconf 37' lang='grc' dir='ltr'><em>ι</em></span> 
     </span>
    </p>
   </div>
   <div class='ocr_carea' id='block_1_9' title="bbox 147 1690 914 2041">
    <p class='ocr_par' dir='ltr' id='par_1_9' title="bbox 147 1690 914 1883">
     <span class='ocr_line' id='line_1_32' title="bbox 147 1690 914 1734; baseline -0.004 -7"><span class='ocrx_word' id='word_1_173' title='bbox 147 1713 166 1727; x_wconf 68' lang='grc' dir='ltr'>υ</span> <span class='ocrx_word' id='word_1_174' title='bbox 193 1702 277 1725; x_wconf 86' lang='lat' dir='ltr'>Vero</span> <span class='ocrx_word' id='word_1_175' title='bbox 305 1691 480 1734; x_wconf 74' lang='lat' dir='ltr'>Tarvisii,</span> <span class='ocrx_word' id='word_1_176' title='bbox 508 1693 609 1726; x_wconf 88' lang='lat' dir='ltr'>Mille</span> <span class='ocrx_word' id='word_1_177' title='bbox 636 1701 763 1724; x_wconf 75' lang='lat' dir='ltr'>centum</span> <span class='ocrx_word' id='word_1_178' title='bbox 791 1690 914 1724; x_wconf 81' lang='lat' dir='ltr'>Libras</span> 
     </span>
     <span class='ocr_line' id='line_1_33' title="bbox 149 1739 914 1787; baseline 0.003 -15"><span class='ocrx_word' id='word_1_179' title='bbox 149 1763 169 1777; x_wconf 86' lang='lat'><strong>„</strong></span> <span class='ocrx_word' id='word_1_180' title='bbox 197 1741 404 1782; x_wconf 67' lang='lat' dir='ltr'>imperiales.-</span> <span class='ocrx_word' id='word_1_181' title='bbox 434 1753 497 1787; x_wconf 88' lang='lat' dir='ltr'>pro</span> <span class='ocrx_word' id='word_1_182' title='bbox 522 1739 674 1775; x_wconf 85' lang='lat' dir='ltr'>custodia</span> <span class='ocrx_word' id='word_1_183' title='bbox 701 1753 785 1776; x_wconf 84' lang='lat' dir='ltr'>vero</span> <span class='ocrx_word' id='word_1_184' title='bbox 809 1741 914 1787; x_wconf 78' lang='lat' dir='ltr'>Castri</span> 
     </span>
     <span class='ocr_line' id='line_1_34' title="bbox 148 1790 914 1835; baseline 0.004 -12"><span class='ocrx_word' id='word_1_185' title='bbox 148 1813 167 1827; x_wconf 86' lang='lat'>„</span> <span class='ocrx_word' id='word_1_186' title='bbox 194 1791 328 1824; x_wconf 83' lang='lat' dir='ltr'><em>Domini</em></span> <span class='ocrx_word' id='word_1_187' title='bbox 356 1791 539 1835; x_wconf 69' lang='lat' dir='ltr'>Beaqnini,</span> <span class='ocrx_word' id='word_1_188' title='bbox 577 1792 754 1826; x_wconf 72' lang='lat' dir='ltr'>Trecentos</span> <span class='ocrx_word' id='word_1_189' title='bbox 793 1790 914 1828; x_wconf 84' lang='lat' dir='ltr'>Libras</span> 
     </span>
     <span class='ocr_line' id='line_1_35' title="bbox 149 1841 414 1883; baseline -0.004 -9"><span class='ocrx_word' id='word_1_190' title='bbox 149 1863 170 1879; x_wconf 83' lang='lat'>„</span> <span class='ocrx_word' id='word_1_191' title='bbox 197 1841 414 1883; x_wconf 82' lang='lat' dir='ltr'>Imperiales.</span> 
     </span>
    </p>

    <p class='ocr_par' dir='ltr' id='par_1_10' title="bbox 150 1891 914 2041">
     <span class='ocr_line' id='line_1_36' title="bbox 200 1891 914 1941; baseline 0.001 -12"><span class='ocrx_word' id='word_1_192' title='bbox 200 1914 220 1929; x_wconf 59' lang='grc' dir='ltr'><strong><em>ν</em></strong></span> <span class='ocrx_word' id='word_1_193' title='bbox 247 1891 409 1936; x_wconf 86' lang='lat' dir='ltr'>Quarum</span> <span class='ocrx_word' id='word_1_194' title='bbox 431 1892 591 1929; x_wconf 84' lang='lat' dir='ltr'>omnium</span> <span class='ocrx_word' id='word_1_195' title='bbox 613 1893 840 1941; x_wconf 71' lang='lat' dir='ltr'>expensarum</span> <span class='ocrx_word' id='word_1_196' title='bbox 861 1893 914 1930; x_wconf 83' lang='lat' dir='ltr'>di-</span> 
     </span>
     <span class='ocr_line' id='line_1_37' title="bbox 150 1939 914 1990; baseline 0.001 -11"><span class='ocrx_word' id='word_1_197' title='bbox 150 1964 170 1980; x_wconf 73' lang='lat'>„</span> <span class='ocrx_word' id='word_1_198' title='bbox 196 1939 332 1977; x_wconf 66' lang='lat' dir='ltr'>&amp;arum</span> <span class='ocrx_word' id='word_1_199' title='bbox 361 1943 629 1990; x_wconf 81' lang='lat' dir='ltr'>quatuordecim</span> <span class='ocrx_word' id='word_1_200' title='bbox 669 1946 818 1981; x_wconf 87' lang='lat' dir='ltr'>millium</span> <span class='ocrx_word' id='word_1_201' title='bbox 849 1945 914 1982; x_wconf 87' lang='lat' dir='ltr'>Li·</span> 
     </span>
     <span class='ocr_line' id='line_1_38' title="bbox 150 1992 913 2041; baseline 0.005 -14"><span class='ocrx_word' id='word_1_202' title='bbox 150 2014 168 2030; x_wconf 85' lang='lat'>‚.</span> <span class='ocrx_word' id='word_1_203' title='bbox 196 1992 336 2028; x_wconf 79' lang='lat' dir='ltr'>brarum</span> <span class='ocrx_word' id='word_1_204' title='bbox 365 1994 669 2041; x_wconf 81' lang='lat' dir='ltr'>expendendarum</span> <span class='ocrx_word' id='word_1_205' title='bbox 698 1999 732 2031; x_wconf 86' lang='lat' dir='ltr'>in</span> <span class='ocrx_word' id='word_1_206' title='bbox 761 1995 913 2032; x_wconf 76' lang='lat' dir='ltr'>custodia</span> 
     </span>
    </p>
   </div>
   <div class='ocr_carea' id='block_1_10' title="bbox 151 2044 942 2095">
    <p class='ocr_par' dir='ltr' id='par_1_11' title="bbox 151 2044 942 2095">
     <span class='ocr_line' id='line_1_39' title="bbox 151 2044 942 2095; baseline 0 -14"><span class='ocrx_word' id='word_1_207' title='bbox 151 2066 169 2081; x_wconf 66' lang='grc' dir='ltr'><em>η</em></span> <span class='ocrx_word' id='word_1_208' title='bbox 196 2044 388 2081; x_wconf 75' lang='lat' dir='ltr'>Terrarum</span> <span class='ocrx_word' id='word_1_209' title='bbox 415 2046 450 2080; x_wconf 88' lang='lat'>&amp;</span> <span class='ocrx_word' id='word_1_210' title='bbox 484 2046 641 2082; x_wconf 88' lang='lat' dir='ltr'>locorum</span> <span class='ocrx_word' id='word_1_211' title='bbox 679 2047 913 2095; x_wconf 61' lang='lat' dir='ltr'>predifflorum</span> <span class='ocrx_word' id='word_1_212' title='bbox 940 2074 942 2088; x_wconf 54' lang='lat'><em>2</em></span> 
     </span>
    </p>
   </div>
   <div class='ocr_carea' id='block_1_11' title="bbox 150 2095 919 2598">
    <p class='ocr_par' dir='ltr' id='par_1_12' title="bbox 150 2095 919 2598">
     <span class='ocr_line' id='line_1_40' title="bbox 151 2095 914 2142; baseline 0.003 -12"><span class='ocrx_word' id='word_1_213' title='bbox 151 2118 169 2133; x_wconf 82' lang='lat'>‚‚</span> <span class='ocrx_word' id='word_1_214' title='bbox 195 2095 330 2142; x_wconf 87' lang='lat' dir='ltr'>recepit</span> <span class='ocrx_word' id='word_1_215' title='bbox 371 2095 444 2142; x_wconf 89' lang='lat' dir='ltr'>ipse</span> <span class='ocrx_word' id='word_1_216' title='bbox 491 2097 662 2132; x_wconf 83' lang='lat' dir='ltr'>Dominus</span> <span class='ocrx_word' id='word_1_217' title='bbox 710 2096 914 2133; x_wconf 76' lang='lat' dir='ltr'>cardinalis</span> 
     </span>
     <span class='ocr_line' id='line_1_41' title="bbox 151 2145 915 2194; baseline 0.005 -15"><span class='ocrx_word' id='word_1_218' title='bbox 151 2168 170 2184; x_wconf 82' lang='lat'>„</span> <span class='ocrx_word' id='word_1_219' title='bbox 197 2158 262 2194; x_wconf 89' lang='lat' dir='ltr'>pro</span> <span class='ocrx_word' id='word_1_220' title='bbox 298 2153 395 2193; x_wconf 79' lang='lat' dir='ltr'>parte</span> <span class='ocrx_word' id='word_1_221' title='bbox 435 2145 607 2182; x_wconf 77' lang='lat' dir='ltr'>Ecclesiae</span> <span class='ocrx_word' id='word_1_222' title='bbox 645 2149 821 2183; x_wconf 84' lang='lat' dir='ltr'>Romanae</span> <span class='ocrx_word' id='word_1_223' title='bbox 858 2149 915 2183; x_wconf 85' lang='lat' dir='ltr'>Se-</span> 
     </span>
     <span class='ocr_line' id='line_1_42' title="bbox 150 2195 914 2245; baseline 0.005 -14"><span class='ocrx_word' id='word_1_224' title='bbox 150 2220 170 2235; x_wconf 67' lang='lat'><strong>„</strong></span> <span class='ocrx_word' id='word_1_225' title='bbox 197 2204 294 2239; x_wconf 77' lang='lat' dir='ltr'>ptem</span> <span class='ocrx_word' id='word_1_226' title='bbox 314 2195 428 2231; x_wconf 82' lang='lat' dir='ltr'>millia</span> <span class='ocrx_word' id='word_1_227' title='bbox 445 2196 631 2233; x_wconf 80' lang='lat' dir='ltr'>Librarum</span> <span class='ocrx_word' id='word_1_228' title='bbox 648 2197 890 2245; x_wconf 78' lang='lat' dir='ltr'>Imperialium</span> <span class='ocrx_word' id='word_1_229' title='bbox 905 2224 914 2239; x_wconf 89' lang='lat'><em>,</em></span> 
     </span>
     <span class='ocr_line' id='line_1_43' title="bbox 152 2245 916 2294; baseline -0.003 -9"><span class='ocrx_word' id='word_1_230' title='bbox 152 2272 172 2285; x_wconf 61' lang='grc' dir='ltr'>υ</span> <span class='ocrx_word' id='word_1_231' title='bbox 201 2245 442 2282; x_wconf 76' lang='lat' dir='ltr'>solvendarum</span> <span class='ocrx_word' id='word_1_232' title='bbox 480 2249 522 2281; x_wconf 83' lang='lat' dir='ltr'>ab</span> <span class='ocrx_word' id='word_1_233' title='bbox 550 2247 618 2294; x_wconf 82' lang='lat' dir='ltr'>ipsa</span> <span class='ocrx_word' id='word_1_234' title='bbox 650 2247 825 2283; x_wconf 79' lang='lat' dir='ltr'>Ecclefia.</span> <span class='ocrx_word' id='word_1_235' title='bbox 853 2251 916 2284; x_wconf 85' lang='lat' dir='ltr'>Su-</span> 
     </span>
     <span class='ocr_line' id='line_1_44' title="bbox 154 2296 916 2345; baseline 0.004 -13"><span class='ocrx_word' id='word_1_236' title='bbox 154 2322 172 2337; x_wconf 77' lang='lat'>„</span> <span class='ocrx_word' id='word_1_237' title='bbox 201 2310 261 2345; x_wconf 84' lang='lat' dir='ltr'>per</span> <span class='ocrx_word' id='word_1_238' title='bbox 287 2296 367 2332; x_wconf 84' lang='lat' dir='ltr'>aliis</span> <span class='ocrx_word' id='word_1_239' title='bbox 395 2310 478 2332; x_wconf 82' lang='lat' dir='ltr'>vero</span> <span class='ocrx_word' id='word_1_240' title='bbox 506 2299 642 2342; x_wconf 79' lang='lat' dir='ltr'>Septem</span> <span class='ocrx_word' id='word_1_241' title='bbox 676 2297 833 2335; x_wconf 75' lang='lat' dir='ltr'>millibus</span> <span class='ocrx_word' id='word_1_242' title='bbox 860 2312 916 2335; x_wconf 83' lang='lat'><strong>01·-</strong></span> 
     </span>
     <span class='ocr_line' id='line_1_45' title="bbox 156 2347 916 2396; baseline -0.003 -9"><span class='ocrx_word' id='word_1_243' title='bbox 156 2373 175 2387; x_wconf 67' lang='lat'>‚2</span> <span class='ocrx_word' id='word_1_244' title='bbox 203 2348 410 2384; x_wconf 79' lang='lat' dir='ltr'>dinaverunt</span> <span class='ocrx_word' id='word_1_245' title='bbox 425 2347 511 2383; x_wconf 65' lang='lat' dir='ltr'>dieti</span> <span class='ocrx_word' id='word_1_246' title='bbox 524 2349 805 2388; x_wconf 77' lang='lat' dir='ltr'>Ambaxatores‚</span> <span class='ocrx_word' id='word_1_247' title='bbox 823 2350 916 2396; x_wconf 89' lang='lat' dir='ltr'>quod</span> 
     </span>
     <span class='ocr_line' id='line_1_46' title="bbox 159 2397 919 2442; baseline -0.001 -5"><span class='ocrx_word' id='word_1_248' title='bbox 159 2424 178 2439; x_wconf 42' lang='grc' dir='ltr'>ἲ)</span> <span class='ocrx_word' id='word_1_249' title='bbox 205 2399 269 2435; x_wconf 84' lang='lat' dir='ltr'>hae</span> <span class='ocrx_word' id='word_1_250' title='bbox 293 2397 470 2434; x_wconf 81' lang='lat' dir='ltr'>Civitates</span> <span class='ocrx_word' id='word_1_251' title='bbox 497 2397 598 2442; x_wconf 84' lang='lat' dir='ltr'>sunt,</span> <span class='ocrx_word' id='word_1_252' title='bbox 621 2400 654 2435; x_wconf 87' lang='lat'>&amp;</span> <span class='ocrx_word' id='word_1_253' title='bbox 684 2398 776 2435; x_wconf 69' lang='lat' dir='ltr'>solae</span> <span class='ocrx_word' id='word_1_254' title='bbox 799 2399 840 2435; x_wconf 92' lang='lat' dir='ltr'>de</span> <span class='ocrx_word' id='word_1_255' title='bbox 865 2400 919 2436; x_wconf 81' lang='lat' dir='ltr'>di-</span> 
     </span>
     <span class='ocr_line' id='line_1_47' title="bbox 157 2448 919 2495; baseline -0.001 -7"><span class='ocrx_word' id='word_1_256' title='bbox 157 2475 175 2489; x_wconf 58' lang='lat'>„</span> <span class='ocrx_word' id='word_1_257' title='bbox 204 2450 259 2486; x_wconf 65' lang='lat' dir='ltr'>&amp;a</span> <span class='ocrx_word' id='word_1_258' title='bbox 296 2448 495 2493; x_wconf 80' lang='lat' dir='ltr'>Societate‚</span> <span class='ocrx_word' id='word_1_259' title='bbox 522 2462 610 2495; x_wconf 80' lang='lat' dir='ltr'>quae</span> <span class='ocrx_word' id='word_1_260' title='bbox 641 2449 708 2486; x_wconf 88' lang='lat' dir='ltr'>hoc</span> <span class='ocrx_word' id='word_1_261' title='bbox 745 2463 833 2486; x_wconf 91' lang='lat' dir='ltr'>onus</span> <span class='ocrx_word' id='word_1_262' title='bbox 860 2464 919 2487; x_wconf 84' lang='lat' dir='ltr'>ex-</span> 
     </span>
     <span class='ocr_line' id='line_1_48' title="bbox 159 2499 919 2547; baseline -0.003 -8"><span class='ocrx_word' id='word_1_263' title='bbox 159 2526 177 2541; x_wconf 66' lang='lat'><em>„</em></span> <span class='ocrx_word' id='word_1_264' title='bbox 206 2500 383 2545; x_wconf 73' lang='lat' dir='ltr'>pensarum</span> <span class='ocrx_word' id='word_1_265' title='bbox 412 2499 449 2536; x_wconf 91' lang='lat'>&amp;</span> <span class='ocrx_word' id='word_1_266' title='bbox 478 2500 651 2537; x_wconf 79' lang='lat' dir='ltr'>custodiae</span> <span class='ocrx_word' id='word_1_267' title='bbox 678 2509 816 2547; x_wconf 83' lang='lat' dir='ltr'>portare</span> <span class='ocrx_word' id='word_1_268' title='bbox 844 2501 919 2545; x_wconf 76' lang='lat' dir='ltr'>pos-</span> 
     </span>
     <span class='ocr_line' id='line_1_49' title="bbox 161 2551 919 2598; baseline -0.003 -8"><span class='ocrx_word' id='word_1_269' title='bbox 161 2578 178 2591; x_wconf 72' lang='lat'>„</span> <span class='ocrx_word' id='word_1_270' title='bbox 207 2552 308 2598; x_wconf 71' lang='lat' dir='ltr'>sont,</span> <span class='ocrx_word' id='word_1_271' title='bbox 335 2553 369 2588; x_wconf 90' lang='lat'>&amp;</span> <span class='ocrx_word' id='word_1_272' title='bbox 397 2551 564 2589; x_wconf 80' lang='lat' dir='ltr'>debeant:</span> <span class='ocrx_word' id='word_1_273' title='bbox 595 2551 731 2589; x_wconf 78' lang='lat' dir='ltr'>scilicet</span> <span class='ocrx_word' id='word_1_274' title='bbox 758 2554 919 2589; x_wconf 63' lang='lat' dir='ltr'>Mediola-</span> 
     </span>
    </p>
   </div>
   <div class='ocr_carea' id='block_1_12' title="bbox 938 1240 944 1817">
    <p class='ocr_par' dir='ltr' id='par_1_13' title="bbox 938 1240 944 1817">
     <span class='ocr_line' id='line_1_50' title="bbox 938 1240 944 1817; baseline 0 0"><span class='ocrx_word' id='word_1_275' title='bbox 938 1240 944 1817; x_wconf 95' lang='lat' dir='ltr'> </span> 
     </span>
    </p>
   </div>
   <div class='ocr_carea' id='block_1_13' title="bbox 993 1084 1000 1798">
    <p class='ocr_par' dir='ltr' id='par_1_14' title="bbox 993 1084 1000 1798">
     <span class='ocr_line' id='line_1_51' title="bbox 993 1084 1000 1798; baseline 0 0"><span class='ocrx_word' id='word_1_276' title='bbox 993 1084 1000 1798; x_wconf 95' lang='lat' dir='ltr'> </span> 
     </span>
    </p>
   </div>
   <div class='ocr_carea' id='block_1_14' title="bbox 999 2250 1007 2591">
    <p class='ocr_par' dir='ltr' id='par_1_15' title="bbox 999 2250 1007 2591">
     <span class='ocr_line' id='line_1_52' title="bbox 999 2250 1005 2439; baseline 0 0"><span class='ocrx_word' id='word_1_277' title='bbox 999 2250 1005 2439; x_wconf 69' lang='lat'>1</span> 
     </span>
     <span class='ocr_line' id='line_1_53' title="bbox 1002 2451 1007 2591; baseline 0 0"><span class='ocrx_word' id='word_1_278' title='bbox 1002 2451 1007 2591; x_wconf 74' lang='grc' dir='ltr'>ι</span> 
     </span>
    </p>
   </div>
   <div class='ocr_carea' id='block_1_15' title="bbox 1019 321 1791 1077">
    <p class='ocr_par' dir='ltr' id='par_1_16' title="bbox 1019 321 1791 1077">
     <span class='ocr_line' id='line_1_54' title="bbox 1019 321 1785 364; baseline 0.001 -10"><span class='ocrx_word' id='word_1_279' title='bbox 1019 345 1041 362; x_wconf 86' lang='lat'><strong>„</strong></span> <span class='ocrx_word' id='word_1_280' title='bbox 1069 321 1185 362; x_wconf 83' lang='lat' dir='ltr'>xiam,</span> <span class='ocrx_word' id='word_1_281' title='bbox 1211 322 1411 361; x_wconf 83' lang='lat' dir='ltr'>Mantuam,</span> <span class='ocrx_word' id='word_1_282' title='bbox 1439 321 1658 364; x_wconf 83' lang='lat' dir='ltr'><em>Ferrariam,</em></span> <span class='ocrx_word' id='word_1_283' title='bbox 1685 324 1785 355; x_wconf 87' lang='lat' dir='ltr'>Bono-</span> 
     </span>
     <span class='ocr_line' id='line_1_55' title="bbox 1021 367 1783 414; baseline -0.003 -9"><span class='ocrx_word' id='word_1_284' title='bbox 1021 397 1040 412; x_wconf 89' lang='lat'>„</span> <span class='ocrx_word' id='word_1_285' title='bbox 1067 372 1180 414; x_wconf 86' lang='lat' dir='ltr'>niam,</span> <span class='ocrx_word' id='word_1_286' title='bbox 1215 367 1253 404; x_wconf 67' lang='lat'>⁴²5</span> <span class='ocrx_word' id='word_1_287' title='bbox 1288 369 1484 404; x_wconf 78' lang='lat' dir='ltr'>Mutinam.</span> <span class='ocrx_word' id='word_1_288' title='bbox 1518 370 1567 404; x_wconf 77' lang='lat' dir='ltr'>Et</span> <span class='ocrx_word' id='word_1_289' title='bbox 1601 382 1679 404; x_wconf 89' lang='lat' dir='ltr'>cum</span> <span class='ocrx_word' id='word_1_290' title='bbox 1714 370 1783 407; x_wconf 85' lang='lat' dir='ltr'>hoc</span> 
     </span>
     <span class='ocr_line' id='line_1_56' title="bbox 1021 417 1783 469; baseline -0.001 -12"><span class='ocrx_word' id='word_1_291' title='bbox 1021 448 1040 463; x_wconf 92' lang='lat'><strong>„</strong></span> <span class='ocrx_word' id='word_1_292' title='bbox 1067 420 1170 461; x_wconf 62' lang='lat' dir='ltr'>effa,</span> <span class='ocrx_word' id='word_1_293' title='bbox 1197 419 1291 469; x_wconf 80' lang='lat' dir='ltr'>quod</span> <span class='ocrx_word' id='word_1_294' title='bbox 1320 418 1420 468; x_wconf 79' lang='lat' dir='ltr'>super</span> <span class='ocrx_word' id='word_1_295' title='bbox 1447 417 1640 467; x_wconf 82' lang='lat' dir='ltr'>partitione</span> <span class='ocrx_word' id='word_1_296' title='bbox 1669 421 1702 454; x_wconf 73' lang='grc' dir='ltr'>δι</span> <span class='ocrx_word' id='word_1_297' title='bbox 1730 420 1783 456; x_wconf 83' lang='lat' dir='ltr'>di-</span> 
     </span>
     <span class='ocr_line' id='line_1_57' title="bbox 1020 469 1784 518; baseline -0.003 -12"><span class='ocrx_word' id='word_1_298' title='bbox 1020 499 1039 514; x_wconf 86' lang='lat'>„</span> <span class='ocrx_word' id='word_1_299' title='bbox 1069 471 1199 508; x_wconf 76' lang='lat' dir='ltr'>visione</span> <span class='ocrx_word' id='word_1_300' title='bbox 1240 470 1418 507; x_wconf 59' lang='lat' dir='ltr'>&amp;aarum</span> <span class='ocrx_word' id='word_1_301' title='bbox 1455 471 1592 518; x_wconf 86' lang='lat' dir='ltr'>Septem</span> <span class='ocrx_word' id='word_1_302' title='bbox 1636 469 1784 504; x_wconf 83' lang='lat' dir='ltr'>millium</span> 
     </span>
     <span class='ocr_line' id='line_1_58' title="bbox 1023 519 1785 571; baseline -0.009 -10"><span class='ocrx_word' id='word_1_303' title='bbox 1023 550 1042 564; x_wconf 86' lang='lat'><strong>„</strong></span> <span class='ocrx_word' id='word_1_304' title='bbox 1069 524 1256 560; x_wconf 83' lang='lat' dir='ltr'>Librarum</span> <span class='ocrx_word' id='word_1_305' title='bbox 1301 521 1542 571; x_wconf 81' lang='lat' dir='ltr'>Imperialium</span> <span class='ocrx_word' id='word_1_306' title='bbox 1589 519 1632 557; x_wconf 86' lang='lat' dir='ltr'>ad</span> <span class='ocrx_word' id='word_1_307' title='bbox 1672 532 1785 555; x_wconf 79' lang='lat' dir='ltr'>meza-</span> 
     </span>
     <span class='ocr_line' id='line_1_59' title="bbox 1022 569 1786 619; baseline -0.008 -8"><span class='ocrx_word' id='word_1_308' title='bbox 1022 601 1042 616; x_wconf 85' lang='lat'>„</span> <span class='ocrx_word' id='word_1_309' title='bbox 1070 587 1156 619; x_wconf 80' lang='lat' dir='ltr'>nos,</span> <span class='ocrx_word' id='word_1_310' title='bbox 1181 572 1339 610; x_wconf 82' lang='lat' dir='ltr'>facienda</span> <span class='ocrx_word' id='word_1_311' title='bbox 1366 572 1462 609; x_wconf 84' lang='lat' dir='ltr'>inter</span> <span class='ocrx_word' id='word_1_312' title='bbox 1489 570 1586 608; x_wconf 63' lang='lat' dir='ltr'>diaa</span> <span class='ocrx_word' id='word_1_313' title='bbox 1612 569 1786 608; x_wconf 73' lang='lat' dir='ltr'>Commu·</span> 
     </span>
     <span class='ocr_line' id='line_1_60' title="bbox 1024 619 1789 672; baseline -0.007 -11"><span class='ocrx_word' id='word_1_314' title='bbox 1024 652 1043 667; x_wconf 86' lang='lat'>..</span> <span class='ocrx_word' id='word_1_315' title='bbox 1071 627 1155 669; x_wconf 79' lang='lat' dir='ltr'>nia,</span> <span class='ocrx_word' id='word_1_316' title='bbox 1187 622 1498 672; x_wconf 82' lang='lat' dir='ltr'>compromififfent</span> <span class='ocrx_word' id='word_1_317' title='bbox 1533 624 1568 659; x_wconf 75' lang='grc' dir='ltr'>δι</span> <span class='ocrx_word' id='word_1_318' title='bbox 1605 619 1789 658; x_wconf 63' lang='lat' dir='ltr'>consensis·</span> 
     </span>
     <span class='ocr_line' id='line_1_61' title="bbox 1024 673 1788 725; baseline -0.005 -13"><span class='ocrx_word' id='word_1_319' title='bbox 1024 703 1044 718; x_wconf 85' lang='lat'><strong>„</strong></span> <span class='ocrx_word' id='word_1_320' title='bbox 1071 675 1146 714; x_wconf 85' lang='lat' dir='ltr'>sent</span> <span class='ocrx_word' id='word_1_321' title='bbox 1172 689 1234 725; x_wconf 87' lang='lat' dir='ltr'>pro</span> <span class='ocrx_word' id='word_1_322' title='bbox 1269 675 1337 711; x_wconf 81' lang='lat' dir='ltr'>suis</span> <span class='ocrx_word' id='word_1_323' title='bbox 1364 673 1628 711; x_wconf 85' lang='lat' dir='ltr'>Communibus</span> <span class='ocrx_word' id='word_1_324' title='bbox 1656 673 1788 712; x_wconf 78' lang='lat' dir='ltr'>Amba·</span> 
     </span>
     <span class='ocr_line' id='line_1_62' title="bbox 1025 722 1788 767; baseline -0.005 -4"><span class='ocrx_word' id='word_1_325' title='bbox 1025 753 1044 767; x_wconf 84' lang='lat'>„</span> <span class='ocrx_word' id='word_1_326' title='bbox 1069 736 1209 763; x_wconf 82' lang='lat' dir='ltr'>xatores</span> <span class='ocrx_word' id='word_1_327' title='bbox 1223 725 1444 765; x_wconf 84' lang='lat' dir='ltr'>Mediolani,</span> <span class='ocrx_word' id='word_1_328' title='bbox 1461 723 1699 761; x_wconf 82' lang='lat' dir='ltr'>Alexandriae</span> <span class='ocrx_word' id='word_1_329' title='bbox 1715 722 1788 760; x_wconf 80' lang='lat' dir='ltr'>&amp;c-</span> 
     </span>
     <span class='ocr_line' id='line_1_63' title="bbox 1026 774 1786 819; baseline -0.007 -6"><span class='ocrx_word' id='word_1_330' title='bbox 1026 804 1046 819; x_wconf 89' lang='lat'>‚,</span> <span class='ocrx_word' id='word_1_331' title='bbox 1071 777 1111 813; x_wconf 89' lang='lat' dir='ltr'>in</span> <span class='ocrx_word' id='word_1_332' title='bbox 1135 779 1277 814; x_wconf 78' lang='lat' dir='ltr'>Petrum</span> <span class='ocrx_word' id='word_1_333' title='bbox 1297 775 1515 812; x_wconf 84' lang='lat' dir='ltr'>Guarzinum</span> <span class='ocrx_word' id='word_1_334' title='bbox 1538 774 1786 810; x_wconf 85' lang='lat' dir='ltr'>&amp;c.Tamdem</span> 
     </span>
     <span class='ocr_line' id='line_1_64' title="bbox 1025 824 1789 879; baseline -0.008 -14"><span class='ocrx_word' id='word_1_335' title='bbox 1025 855 1045 869; x_wconf 84' lang='lat'><strong>„</strong></span> <span class='ocrx_word' id='word_1_336' title='bbox 1072 827 1223 879; x_wconf 59' lang='lat' dir='ltr'>prediSii</span> <span class='ocrx_word' id='word_1_337' title='bbox 1246 826 1492 864; x_wconf 83' lang='lat' dir='ltr'>Arbitratores</span> <span class='ocrx_word' id='word_1_338' title='bbox 1517 824 1680 862; x_wconf 79' lang='lat' dir='ltr'>arbitrati</span> <span class='ocrx_word' id='word_1_339' title='bbox 1709 824 1789 860; x_wconf 87' lang='lat' dir='ltr'>sunt</span> 
     </span>
     <span class='ocr_line' id='line_1_65' title="bbox 1026 875 1791 928; baseline -0.008 -12"><span class='ocrx_word' id='word_1_340' title='bbox 1026 906 1045 920; x_wconf 87' lang='grc'>,,</span> <span class='ocrx_word' id='word_1_341' title='bbox 1073 879 1303 928; x_wconf 83' lang='lat' dir='ltr'>partitionem</span> <span class='ocrx_word' id='word_1_342' title='bbox 1337 877 1509 913; x_wconf 61' lang='lat' dir='ltr'>dietarum</span> <span class='ocrx_word' id='word_1_343' title='bbox 1546 877 1684 924; x_wconf 86' lang='lat' dir='ltr'>Septem</span> <span class='ocrx_word' id='word_1_344' title='bbox 1711 875 1791 911; x_wconf 85' lang='lat' dir='ltr'>mil-</span> 
     </span>
     <span class='ocr_line' id='line_1_66' title="bbox 1027 925 1789 976; baseline -0.009 -8"><span class='ocrx_word' id='word_1_345' title='bbox 1027 956 1046 970; x_wconf 76' lang='lat'><em>„</em></span> <span class='ocrx_word' id='word_1_346' title='bbox 1073 931 1161 967; x_wconf 78' lang='lat' dir='ltr'>lium</span> <span class='ocrx_word' id='word_1_347' title='bbox 1189 930 1378 967; x_wconf 84' lang='lat' dir='ltr'>Librarum</span> <span class='ocrx_word' id='word_1_348' title='bbox 1415 926 1658 976; x_wconf 83' lang='lat' dir='ltr'>Imperialium</span> <span class='ocrx_word' id='word_1_349' title='bbox 1695 925 1789 962; x_wconf 82' lang='lat' dir='ltr'>inter</span> 
     </span>
     <span class='ocr_line' id='line_1_67' title="bbox 1025 976 1790 1022; baseline -0.008 -4"><span class='ocrx_word' id='word_1_350' title='bbox 1025 1007 1044 1022; x_wconf 86' lang='lat'>‚‚</span> <span class='ocrx_word' id='word_1_351' title='bbox 1071 982 1164 1018; x_wconf 62' lang='lat' dir='ltr'>diffia</span> <span class='ocrx_word' id='word_1_352' title='bbox 1191 980 1408 1017; x_wconf 82' lang='lat' dir='ltr'>Communia</span> <span class='ocrx_word' id='word_1_353' title='bbox 1444 978 1512 1015; x_wconf 84' lang='lat' dir='ltr'>hoc</span> <span class='ocrx_word' id='word_1_354' title='bbox 1541 978 1667 1017; x_wconf 86' lang='lat' dir='ltr'>modo,</span> <span class='ocrx_word' id='word_1_355' title='bbox 1697 976 1790 1013; x_wconf 85' lang='lat' dir='ltr'>scili-</span> 
     </span>
     <span class='ocr_line' id='line_1_68' title="bbox 1025 1027 1790 1077; baseline -0.012 -6"><span class='ocrx_word' id='word_1_356' title='bbox 1025 1057 1044 1073; x_wconf 77' lang='lat'>„</span> <span class='ocrx_word' id='word_1_357' title='bbox 1072 1043 1128 1070; x_wconf 84' lang='lat' dir='ltr'>cet</span> <span class='ocrx_word' id='word_1_358' title='bbox 1152 1032 1340 1069; x_wconf 71' lang='lat' dir='ltr'>secundum</span> <span class='ocrx_word' id='word_1_359' title='bbox 1367 1030 1508 1068; x_wconf 87' lang='lat' dir='ltr'>modum</span> <span class='ocrx_word' id='word_1_360' title='bbox 1535 1027 1572 1066; x_wconf 70' lang='grc' dir='ltr'>ἃ</span> <span class='ocrx_word' id='word_1_361' title='bbox 1599 1027 1790 1077; x_wconf 67' lang='grc' dir='ltr'>ιἐΓρεὸὶυῃι</span> 
     </span>
    </p>
   </div>
   <div class='ocr_carea' id='block_1_16' title="bbox 994 1079 1791 1130">
    <p class='ocr_par' dir='ltr' id='par_1_17' title="bbox 994 1079 1791 1130">
     <span class='ocr_line' id='line_1_69' title="bbox 994 1079 1791 1130; baseline -0.01 -9"><span class='ocrx_word' id='word_1_362' title='bbox 994 1108 997 1118; x_wconf 75' lang='grc'><strong><em>«</em></strong></span> <span class='ocrx_word' id='word_1_363' title='bbox 1026 1108 1045 1124; x_wconf 80' lang='lat'>‚‚</span> <span class='ocrx_word' id='word_1_364' title='bbox 1073 1083 1280 1127; x_wconf 70' lang='lat' dir='ltr'>divisionis,</span> <span class='ocrx_word' id='word_1_365' title='bbox 1307 1095 1413 1130; x_wconf 83' lang='lat' dir='ltr'>quarn</span> <span class='ocrx_word' id='word_1_366' title='bbox 1451 1080 1610 1117; x_wconf 82' lang='lat' dir='ltr'>fecerunt</span> <span class='ocrx_word' id='word_1_367' title='bbox 1646 1079 1687 1114; x_wconf 87' lang='lat' dir='ltr'>de</span> <span class='ocrx_word' id='word_1_368' title='bbox 1723 1079 1791 1114; x_wconf 74' lang='lat' dir='ltr'>tal-</span> 
     </span>
    </p>
   </div>
   <div class='ocr_carea' id='block_1_17' title="bbox 1024 1129 1801 2638">
    <p class='ocr_par' dir='ltr' id='par_1_18' title="bbox 1024 1129 1801 2638">
     <span class='ocr_line' id='line_1_70' title="bbox 1024 1129 1791 1177; baseline -0.01 -4"><span class='ocrx_word' id='word_1_369' title='bbox 1024 1159 1044 1174; x_wconf 79' lang='lat'><strong>„</strong></span> <span class='ocrx_word' id='word_1_370' title='bbox 1071 1134 1121 1171; x_wconf 82' lang='lat' dir='ltr'>lia</span> <span class='ocrx_word' id='word_1_371' title='bbox 1156 1133 1347 1170; x_wconf 85' lang='lat' dir='ltr'>Militum.</span> <span class='ocrx_word' id='word_1_372' title='bbox 1384 1134 1433 1168; x_wconf 86' lang='lat' dir='ltr'>Et</span> <span class='ocrx_word' id='word_1_373' title='bbox 1468 1131 1659 1174; x_wconf 82' lang='lat' dir='ltr'>dixerunt,</span> <span class='ocrx_word' id='word_1_374' title='bbox 1696 1129 1791 1177; x_wconf 89' lang='lat' dir='ltr'>quod</span> 
     </span>
     <span class='ocr_line' id='line_1_71' title="bbox 1024 1179 1789 1225; baseline -0.008 -3"><span class='ocrx_word' id='word_1_375' title='bbox 1024 1210 1045 1225; x_wconf 84' lang='lat'>„</span> <span class='ocrx_word' id='word_1_376' title='bbox 1071 1192 1240 1222; x_wconf 83' lang='lat' dir='ltr'>Commune</span> <span class='ocrx_word' id='word_1_377' title='bbox 1264 1184 1451 1219; x_wconf 79' lang='lat' dir='ltr'>Mediolani</span> <span class='ocrx_word' id='word_1_378' title='bbox 1479 1181 1558 1218; x_wconf 83' lang='lat' dir='ltr'>dare</span> <span class='ocrx_word' id='word_1_379' title='bbox 1587 1179 1624 1217; x_wconf 76' lang='grc' dir='ltr'>ἃ</span> <span class='ocrx_word' id='word_1_380' title='bbox 1654 1179 1789 1216; x_wconf 87' lang='lat' dir='ltr'>solvere</span> 
     </span>
     <span class='ocr_line' id='line_1_72' title="bbox 1025 1230 1790 1276; baseline -0.014 0"><span class='ocrx_word' id='word_1_381' title='bbox 1025 1262 1043 1276; x_wconf 55' lang='grc' dir='ltr'>η</span> <span class='ocrx_word' id='word_1_382' title='bbox 1071 1237 1196 1273; x_wconf 83' lang='lat' dir='ltr'>debeat</span> <span class='ocrx_word' id='word_1_383' title='bbox 1231 1239 1304 1270; x_wconf 78' lang='lat' dir='ltr'>Duo</span> <span class='ocrx_word' id='word_1_384' title='bbox 1340 1235 1450 1269; x_wconf 85' lang='lat' dir='ltr'>millia</span> <span class='ocrx_word' id='word_1_385' title='bbox 1479 1236 1627 1268; x_wconf 78' lang='lat' dir='ltr'>ducentas</span> <span class='ocrx_word' id='word_1_386' title='bbox 1665 1230 1701 1265; x_wconf 57' lang='grc' dir='ltr'>ἔθ’</span> <span class='ocrx_word' id='word_1_387' title='bbox 1729 1232 1790 1266; x_wconf 72' lang='lat' dir='ltr'>oHo</span> 
     </span>
     <span class='ocr_line' id='line_1_73' title="bbox 1025 1285 1790 1333; baseline -0.017 -7"><span class='ocrx_word' id='word_1_388' title='bbox 1025 1288 1200 1327; x_wconf 78' lang='lat' dir='ltr'>„Libras</span> <span class='ocrx_word' id='word_1_389' title='bbox 1242 1285 1468 1333; x_wconf 83' lang='lat' dir='ltr'>Imperiales:</span> <span class='ocrx_word' id='word_1_390' title='bbox 1507 1288 1677 1318; x_wconf 77' lang='lat' dir='ltr'>Commune</span> <span class='ocrx_word' id='word_1_391' title='bbox 1713 1285 1790 1316; x_wconf 79' lang='lat' dir='ltr'>Ale-</span> 
     </span>
     <span class='ocr_line' id='line_1_74' title="bbox 1025 1336 1792 1378; baseline -0.016 -3"><span class='ocrx_word' id='word_1_392' title='bbox 1025 1364 1045 1378; x_wconf 84' lang='lat'><strong>„</strong></span> <span class='ocrx_word' id='word_1_393' title='bbox 1074 1340 1242 1374; x_wconf 83' lang='lat' dir='ltr'>xandriae</span> <span class='ocrx_word' id='word_1_394' title='bbox 1269 1342 1433 1372; x_wconf 81' lang='lat' dir='ltr'>Ducentas</span> <span class='ocrx_word' id='word_1_395' title='bbox 1463 1336 1645 1376; x_wconf 62' lang='lat' dir='ltr'>onuaginta</span> <span class='ocrx_word' id='word_1_396' title='bbox 1663 1347 1672 1364; x_wconf 89' lang='lat'>.·</span> <span class='ocrx_word' id='word_1_397' title='bbox 1700 1336 1792 1365; x_wconf 83' lang='lat' dir='ltr'>Com-</span> 
     </span>
     <span class='ocr_line' id='line_1_75' title="bbox 1026 1387 1789 1427; baseline -0.014 -3"><span class='ocrx_word' id='word_1_398' title='bbox 1026 1414 1046 1427; x_wconf 85' lang='lat'><strong>„</strong></span> <span class='ocrx_word' id='word_1_399' title='bbox 1073 1403 1165 1423; x_wconf 84' lang='lat' dir='ltr'>mnne</span> <span class='ocrx_word' id='word_1_400' title='bbox 1191 1400 1278 1422; x_wconf 89' lang='lat' dir='ltr'>vero</span> <span class='ocrx_word' id='word_1_401' title='bbox 1302 1390 1464 1419; x_wconf 74' lang='lat' dir='ltr'>Mantuae</span> <span class='ocrx_word' id='word_1_402' title='bbox 1488 1387 1666 1416; x_wconf 83' lang='lat' dir='ltr'>Sexcentas</span> <span class='ocrx_word' id='word_1_403' title='bbox 1692 1393 1789 1415; x_wconf 85' lang='lat' dir='ltr'>nona-</span> 
     </span>
     <span class='ocr_line' id='line_1_76' title="bbox 1025 1433 1791 1484; baseline -0.009 -12"><span class='ocrx_word' id='word_1_404' title='bbox 1025 1462 1046 1476; x_wconf 82' lang='lat'><strong>„</strong></span> <span class='ocrx_word' id='word_1_405' title='bbox 1066 1441 1167 1483; x_wconf 79' lang='lat' dir='ltr'>ginta</span> <span class='ocrx_word' id='word_1_406' title='bbox 1178 1436 1269 1484; x_wconf 78' lang='lat' dir='ltr'>sex:</span> <span class='ocrx_word' id='word_1_407' title='bbox 1290 1440 1459 1469; x_wconf 80' lang='lat' dir='ltr'>Commune</span> <span class='ocrx_word' id='word_1_408' title='bbox 1478 1434 1519 1467; x_wconf 94' lang='lat' dir='ltr'><em>N</em></span> <span class='ocrx_word' id='word_1_409' title='bbox 1522 1434 1658 1468; x_wconf 76' lang='lat' dir='ltr'>avariae</span> <span class='ocrx_word' id='word_1_410' title='bbox 1681 1433 1791 1477; x_wconf 66' lang='lat' dir='ltr'><em>Qffl&#39;ll-</em></span> 
     </span>
     <span class='ocr_line' id='line_1_77' title="bbox 1026 1484 1792 1532; baseline -0.01 -9"><span class='ocrx_word' id='word_1_411' title='bbox 1026 1513 1044 1527; x_wconf 81' lang='lat'>‚‚</span> <span class='ocrx_word' id='word_1_412' title='bbox 1066 1497 1187 1532; x_wconf 75' lang='lat' dir='ltr'>gentas</span> <span class='ocrx_word' id='word_1_413' title='bbox 1237 1485 1446 1531; x_wconf 72' lang='lat' dir='ltr'>septuaginta</span> <span class='ocrx_word' id='word_1_414' title='bbox 1489 1484 1555 1530; x_wconf 77' lang='lat' dir='ltr'>sex</span> <span class='ocrx_word' id='word_1_415' title='bbox 1572 1498 1582 1516; x_wconf 91' lang='lat'>.·</span> <span class='ocrx_word' id='word_1_416' title='bbox 1622 1488 1792 1517; x_wconf 80' lang='lat' dir='ltr'>Commune</span> 
     </span>
     <span class='ocr_line' id='line_1_78' title="bbox 1025 1533 1792 1578; baseline -0.01 -4"><span class='ocrx_word' id='word_1_417' title='bbox 1025 1563 1045 1577; x_wconf 77' lang='lat'>‚‚</span> <span class='ocrx_word' id='word_1_418' title='bbox 1074 1542 1106 1573; x_wconf 89' lang='lat' dir='ltr'><em>F</em></span> <span class='ocrx_word' id='word_1_419' title='bbox 1108 1539 1259 1572; x_wconf 82' lang='lat' dir='ltr'>errariae</span> <span class='ocrx_word' id='word_1_420' title='bbox 1276 1541 1453 1570; x_wconf 73' lang='lat' dir='ltr'>Sexcentas</span> <span class='ocrx_word' id='word_1_421' title='bbox 1470 1534 1692 1578; x_wconf 79' lang='lat' dir='ltr'>quadraginta</span> <span class='ocrx_word' id='word_1_422' title='bbox 1711 1533 1769 1566; x_wconf 64' lang='lat'>050</span> <span class='ocrx_word' id='word_1_423' title='bbox 1782 1548 1792 1566; x_wconf 92' lang='lat'><em>:</em></span> 
     </span>
     <span class='ocr_line' id='line_1_79' title="bbox 1027 1583 1791 1629; baseline -0.009 -5"><span class='ocrx_word' id='word_1_424' title='bbox 1027 1614 1046 1628; x_wconf 86' lang='lat'>‚,</span> <span class='ocrx_word' id='word_1_425' title='bbox 1072 1594 1241 1623; x_wconf 82' lang='lat' dir='ltr'>Commune</span> <span class='ocrx_word' id='word_1_426' title='bbox 1282 1587 1442 1620; x_wconf 73' lang='lat' dir='ltr'>Bononiae</span> <span class='ocrx_word' id='word_1_427' title='bbox 1482 1588 1639 1629; x_wconf 72' lang='lat' dir='ltr'>‚Qatnor</span> <span class='ocrx_word' id='word_1_428' title='bbox 1684 1583 1791 1617; x_wconf 78' lang='lat' dir='ltr'>millia</span> 
     </span>
     <span class='ocr_line' id='line_1_80' title="bbox 1027 1633 1791 1684; baseline -0.004 -12"><span class='ocrx_word' id='word_1_429' title='bbox 1027 1664 1046 1679; x_wconf 89' lang='lat'>‚,</span> <span class='ocrx_word' id='word_1_430' title='bbox 1072 1640 1265 1684; x_wconf 78' lang='lat' dir='ltr'>quingentas</span> <span class='ocrx_word' id='word_1_431' title='bbox 1283 1636 1410 1673; x_wconf 82' lang='lat' dir='ltr'>Libras</span> <span class='ocrx_word' id='word_1_432' title='bbox 1427 1635 1690 1671; x_wconf 85' lang='lat' dir='ltr'>Bononinorum</span> <span class='ocrx_word' id='word_1_433' title='bbox 1705 1659 1715 1675; x_wconf 85' lang='lat'><em>‚</em></span> <span class='ocrx_word' id='word_1_434' title='bbox 1733 1633 1791 1669; x_wconf 87' lang='lat' dir='ltr'>vel</span> 
     </span>
     <span class='ocr_line' id='line_1_81' title="bbox 1028 1682 1792 1734; baseline -0.005 -10"><span class='ocrx_word' id='word_1_435' title='bbox 1028 1716 1047 1729; x_wconf 86' lang='lat'><strong>„</strong></span> <span class='ocrx_word' id='word_1_436' title='bbox 1074 1691 1175 1724; x_wconf 83' lang='lat' dir='ltr'>Mille</span> <span class='ocrx_word' id='word_1_437' title='bbox 1214 1689 1410 1733; x_wconf 78' lang='lat' dir='ltr'>quingentas</span> <span class='ocrx_word' id='word_1_438' title='bbox 1441 1682 1625 1734; x_wconf 80' lang='lat' dir='ltr'>sexaginta</span> <span class='ocrx_word' id='word_1_439' title='bbox 1664 1682 1792 1720; x_wconf 87' lang='lat' dir='ltr'>Libras</span> 
     </span>
     <span class='ocr_line' id='line_1_82' title="bbox 1027 1738 1792 1788; baseline -0.008 -12"><span class='ocrx_word' id='word_1_440' title='bbox 1027 1767 1046 1780; x_wconf 91' lang='lat'>‚‚</span> <span class='ocrx_word' id='word_1_441' title='bbox 1075 1738 1275 1788; x_wconf 83' lang='lat' dir='ltr'>Imperiales</span> <span class='ocrx_word' id='word_1_442' title='bbox 1316 1738 1358 1774; x_wconf 88' lang='lat' dir='ltr'>ad</span> <span class='ocrx_word' id='word_1_443' title='bbox 1399 1748 1583 1773; x_wconf 79' lang='lat' dir='ltr'>mezanos:</span> <span class='ocrx_word' id='word_1_444' title='bbox 1622 1739 1792 1770; x_wconf 86' lang='lat' dir='ltr'>Commune</span> 
     </span>
     <span class='ocr_line' id='line_1_83' title="bbox 1028 1787 1794 1832; baseline -0.008 -7"><span class='ocrx_word' id='word_1_445' title='bbox 1028 1817 1047 1832; x_wconf 88' lang='lat'>,‚</span> <span class='ocrx_word' id='word_1_446' title='bbox 1076 1804 1159 1827; x_wconf 88' lang='lat' dir='ltr'>vero</span> <span class='ocrx_word' id='word_1_447' title='bbox 1179 1792 1335 1825; x_wconf 78' lang='lat' dir='ltr'>Mutinae</span> <span class='ocrx_word' id='word_1_448' title='bbox 1357 1793 1534 1823; x_wconf 82' lang='lat' dir='ltr'>Sexcentas</span> <span class='ocrx_word' id='word_1_449' title='bbox 1558 1787 1685 1831; x_wconf 78' lang='lat' dir='ltr'>viginti</span> <span class='ocrx_word' id='word_1_450' title='bbox 1711 1798 1794 1830; x_wconf 85' lang='lat' dir='ltr'>qna-</span> 
     </span>
     <span class='ocr_line' id='line_1_84' title="bbox 1029 1838 1790 1888; baseline -0.008 -11"><span class='ocrx_word' id='word_1_451' title='bbox 1029 1869 1048 1883; x_wconf 94' lang='lat'>‚‚</span> <span class='ocrx_word' id='word_1_452' title='bbox 1075 1852 1149 1878; x_wconf 83' lang='lat' dir='ltr'>tuor</span> <span class='ocrx_word' id='word_1_453' title='bbox 1184 1840 1311 1878; x_wconf 88' lang='lat' dir='ltr'>Libras</span> <span class='ocrx_word' id='word_1_454' title='bbox 1354 1838 1581 1888; x_wconf 74' lang='lat' dir='ltr'>ImperialeS.</span> <span class='ocrx_word' id='word_1_455' title='bbox 1621 1839 1669 1873; x_wconf 80' lang='lat' dir='ltr'>Et</span> <span class='ocrx_word' id='word_1_456' title='bbox 1710 1848 1790 1871; x_wconf 85' lang='lat' dir='ltr'>cum</span> 
     </span>
     <span class='ocr_line' id='line_1_85' title="bbox 1027 1888 1795 1939; baseline -0.013 -9"><span class='ocrx_word' id='word_1_457' title='bbox 1027 1919 1047 1933; x_wconf 63' lang='lat'>‚‚</span> <span class='ocrx_word' id='word_1_458' title='bbox 1074 1893 1142 1929; x_wconf 85' lang='lat' dir='ltr'>hoc</span> <span class='ocrx_word' id='word_1_459' title='bbox 1178 1892 1283 1936; x_wconf 74' lang='lat' dir='ltr'>esset,</span> <span class='ocrx_word' id='word_1_460' title='bbox 1310 1890 1405 1939; x_wconf 88' lang='lat' dir='ltr'>quod</span> <span class='ocrx_word' id='word_1_461' title='bbox 1442 1894 1610 1924; x_wconf 79' lang='lat' dir='ltr'>Commune</span> <span class='ocrx_word' id='word_1_462' title='bbox 1646 1888 1795 1922; x_wconf 80' lang='lat' dir='ltr'>Brixiae</span> 
     </span>
     <span class='ocr_line' id='line_1_86' title="bbox 1030 1937 1792 1991; baseline -0.014 -9"><span class='ocrx_word' id='word_1_463' title='bbox 1030 1970 1049 1985; x_wconf 86' lang='lat'>‚‚</span> <span class='ocrx_word' id='word_1_464' title='bbox 1077 1942 1361 1991; x_wconf 70' lang='lat' dir='ltr'>compromififfec</span> <span class='ocrx_word' id='word_1_465' title='bbox 1388 1941 1426 1977; x_wconf 88' lang='lat' dir='ltr'>in</span> <span class='ocrx_word' id='word_1_466' title='bbox 1462 1938 1572 1988; x_wconf 81' lang='lat' dir='ltr'>ipsum</span> <span class='ocrx_word' id='word_1_467' title='bbox 1601 1937 1792 1974; x_wconf 83' lang='lat' dir='ltr'>Dominum</span> 
     </span>
     <span class='ocr_line' id='line_1_87' title="bbox 1030 1989 1796 2040; baseline -0.012 -8"><span class='ocrx_word' id='word_1_468' title='bbox 1030 2021 1050 2036; x_wconf 80' lang='lat'>‚‚</span> <span class='ocrx_word' id='word_1_469' title='bbox 1077 1995 1305 2032; x_wconf 81' lang='lat' dir='ltr'>Cardinalem</span> <span class='ocrx_word' id='word_1_470' title='bbox 1325 1993 1393 2029; x_wconf 83' lang='lat' dir='ltr'>&amp;c.</span> <span class='ocrx_word' id='word_1_471' title='bbox 1415 1990 1488 2040; x_wconf 87' lang='lat' dir='ltr'>ipse</span> <span class='ocrx_word' id='word_1_472' title='bbox 1514 1989 1686 2025; x_wconf 84' lang='lat' dir='ltr'>Dominus</span> <span class='ocrx_word' id='word_1_473' title='bbox 1708 1990 1796 2024; x_wconf 68' lang='lat' dir='ltr'>Car-</span> 
     </span>
     <span class='ocr_line' id='line_1_88' title="bbox 1029 2038 1795 2087; baseline -0.01 -5"><span class='ocrx_word' id='word_1_474' title='bbox 1029 2072 1049 2087; x_wconf 82' lang='lat'>„</span> <span class='ocrx_word' id='word_1_475' title='bbox 1076 2044 1206 2081; x_wconf 84' lang='lat' dir='ltr'>dinalis</span> <span class='ocrx_word' id='word_1_476' title='bbox 1241 2044 1284 2080; x_wconf 88' lang='lat' dir='ltr'>de</span> <span class='ocrx_word' id='word_1_477' title='bbox 1321 2042 1418 2079; x_wconf 60' lang='lat' dir='ltr'>dista</span> <span class='ocrx_word' id='word_1_478' title='bbox 1461 2040 1590 2076; x_wconf 82' lang='lat' dir='ltr'>summa</span> <span class='ocrx_word' id='word_1_479' title='bbox 1627 2038 1795 2086; x_wconf 80' lang='lat' dir='ltr'>pecuniae</span> 
     </span>
     <span class='ocr_line' id='line_1_89' title="bbox 1031 2089 1796 2137; baseline -0.007 -6"><span class='ocrx_word' id='word_1_480' title='bbox 1031 2122 1051 2137; x_wconf 91' lang='lat'><em>„</em></span> <span class='ocrx_word' id='word_1_481' title='bbox 1078 2094 1140 2134; x_wconf 74' lang='lat' dir='ltr'>infi</span> <span class='ocrx_word' id='word_1_482' title='bbox 1168 2095 1333 2129; x_wconf 84' lang='lat' dir='ltr'>Communi</span> <span class='ocrx_word' id='word_1_483' title='bbox 1356 2093 1501 2126; x_wconf 81' lang='lat' dir='ltr'>Brixiae</span> <span class='ocrx_word' id='word_1_484' title='bbox 1521 2089 1708 2137; x_wconf 77' lang='lat' dir='ltr'>affignavit</span> <span class='ocrx_word' id='word_1_485' title='bbox 1733 2103 1796 2137; x_wconf 76' lang='lat' dir='ltr'>pro</span> 
     </span>
     <span class='ocr_line' id='line_1_90' title="bbox 1029 2141 1796 2193; baseline -0.012 -11"><span class='ocrx_word' id='word_1_486' title='bbox 1029 2173 1048 2189; x_wconf 88' lang='lat'>„</span> <span class='ocrx_word' id='word_1_487' title='bbox 1077 2145 1133 2181; x_wconf 81' lang='lat' dir='ltr'>sua</span> <span class='ocrx_word' id='word_1_488' title='bbox 1159 2154 1258 2193; x_wconf 83' lang='lat' dir='ltr'>parte</span> <span class='ocrx_word' id='word_1_489' title='bbox 1278 2144 1552 2190; x_wconf 56' lang='lat' dir='ltr'>Qtadriizgeiitaa·</span> <span class='ocrx_word' id='word_1_490' title='bbox 1577 2141 1702 2177; x_wconf 83' lang='lat' dir='ltr'>Libras</span> <span class='ocrx_word' id='word_1_491' title='bbox 1729 2142 1796 2174; x_wconf 86' lang='lat' dir='ltr'>Im-</span> 
     </span>
     <span class='ocr_line' id='line_1_91' title="bbox 1029 2189 1797 2242; baseline -0.013 -9"><span class='ocrx_word' id='word_1_492' title='bbox 1029 2223 1049 2238; x_wconf 79' lang='lat'>„</span> <span class='ocrx_word' id='word_1_493' title='bbox 1077 2196 1248 2242; x_wconf 72' lang='lat' dir='ltr'>pet-iales.</span> <span class='ocrx_word' id='word_1_494' title='bbox 1289 2194 1426 2231; x_wconf 83' lang='lat' dir='ltr'>Ibidem</span> <span class='ocrx_word' id='word_1_495' title='bbox 1476 2204 1598 2226; x_wconf 85' lang='lat' dir='ltr'>omnes</span> <span class='ocrx_word' id='word_1_496' title='bbox 1650 2189 1797 2236; x_wconf 64' lang='lat' dir='ltr'>predie’ti</span> 
     </span>
     <span class='ocr_line' id='line_1_92' title="bbox 1031 2239 1798 2291; baseline -0.012 -8"><span class='ocrx_word' id='word_1_497' title='bbox 1031 2274 1050 2291; x_wconf 78' lang='lat'>‚,</span> <span class='ocrx_word' id='word_1_498' title='bbox 1080 2247 1336 2283; x_wconf 76' lang='lat' dir='ltr'>Ambaxatores</span> <span class='ocrx_word' id='word_1_499' title='bbox 1362 2244 1396 2277; x_wconf 79' lang='lat'>8&lt;</span> <span class='ocrx_word' id='word_1_500' title='bbox 1425 2240 1558 2276; x_wconf 82' lang='lat' dir='ltr'>Sindici</span> <span class='ocrx_word' id='word_1_501' title='bbox 1593 2239 1736 2275; x_wconf 88' lang='lat' dir='ltr'>nomine</span> <span class='ocrx_word' id='word_1_502' title='bbox 1762 2240 1798 2274; x_wconf 72' lang='grc' dir='ltr'>δε</span> 
     </span>
     <span class='ocr_line' id='line_1_93' title="bbox 1032 2290 1800 2339; baseline -0.008 -7"><span class='ocrx_word' id='word_1_503' title='bbox 1032 2292 1050 2339; x_wconf 65' lang='lat'>;,</span> <span class='ocrx_word' id='word_1_504' title='bbox 1078 2296 1156 2332; x_wconf 88' lang='lat' dir='ltr'>vice</span> <span class='ocrx_word' id='word_1_505' title='bbox 1181 2295 1323 2331; x_wconf 84' lang='lat' dir='ltr'>suorum</span> <span class='ocrx_word' id='word_1_506' title='bbox 1350 2291 1625 2331; x_wconf 87' lang='lat' dir='ltr'>Communium,</span> <span class='ocrx_word' id='word_1_507' title='bbox 1647 2290 1800 2326; x_wconf 80' lang='lat' dir='ltr'>Univer-</span> 
     </span>
     <span class='ocr_line' id='line_1_94' title="bbox 1032 2341 1798 2390; baseline -0.009 -7"><span class='ocrx_word' id='word_1_508' title='bbox 1032 2376 1051 2389; x_wconf 71' lang='lat'>,‚</span> <span class='ocrx_word' id='word_1_509' title='bbox 1079 2347 1215 2383; x_wconf 83' lang='lat' dir='ltr'>fitatum</span> <span class='ocrx_word' id='word_1_510' title='bbox 1233 2370 1241 2385; x_wconf 89' lang='lat'><em>,</em></span> <span class='ocrx_word' id='word_1_511' title='bbox 1283 2345 1316 2380; x_wconf 87' lang='lat'>&amp;</span> <span class='ocrx_word' id='word_1_512' title='bbox 1361 2344 1536 2379; x_wconf 85' lang='lat' dir='ltr'>Baronum</span> <span class='ocrx_word' id='word_1_513' title='bbox 1555 2370 1566 2387; x_wconf 95' lang='lat'>,</span> <span class='ocrx_word' id='word_1_514' title='bbox 1609 2341 1651 2378; x_wconf 89' lang='lat' dir='ltr'>de</span> <span class='ocrx_word' id='word_1_515' title='bbox 1695 2342 1798 2390; x_wconf 84' lang='lat' dir='ltr'>plena</span> 
     </span>
     <span class='ocr_line' id='line_1_95' title="bbox 1032 2391 1799 2442; baseline -0.009 -7"><span class='ocrx_word' id='word_1_516' title='bbox 1032 2426 1051 2439; x_wconf 59' lang='lat'>2,</span> <span class='ocrx_word' id='word_1_517' title='bbox 1079 2396 1266 2434; x_wconf 83' lang='lat' dir='ltr'>concordia</span> <span class='ocrx_word' id='word_1_518' title='bbox 1294 2394 1546 2438; x_wconf 80' lang='lat' dir='ltr'>firmaverunt,</span> <span class='ocrx_word' id='word_1_519' title='bbox 1571 2391 1666 2442; x_wconf 86' lang='lat' dir='ltr'>quod</span> <span class='ocrx_word' id='word_1_520' title='bbox 1693 2405 1799 2441; x_wconf 86' lang='lat' dir='ltr'>quae-</span> 
     </span>
     <span class='ocr_line' id='line_1_96' title="bbox 1033 2443 1797 2491; baseline -0.01 -6"><span class='ocrx_word' id='word_1_521' title='bbox 1033 2478 1052 2491; x_wconf 74' lang='lat'>„</span> <span class='ocrx_word' id='word_1_522' title='bbox 1079 2449 1168 2485; x_wconf 84' lang='lat' dir='ltr'>libet</span> <span class='ocrx_word' id='word_1_523' title='bbox 1195 2448 1330 2484; x_wconf 79' lang='lat' dir='ltr'>Civitas</span> <span class='ocrx_word' id='word_1_524' title='bbox 1357 2444 1473 2481; x_wconf 64' lang='lat' dir='ltr'>diffie</span> <span class='ocrx_word' id='word_1_525' title='bbox 1504 2443 1691 2481; x_wconf 82' lang='lat' dir='ltr'>Societatis</span> <span class='ocrx_word' id='word_1_526' title='bbox 1719 2446 1797 2478; x_wconf 87' lang='lat' dir='ltr'>mit-</span> 
     </span>
     <span class='ocr_line' id='line_1_97' title="bbox 1033 2496 1798 2540; baseline -0.01 -5"><span class='ocrx_word' id='word_1_527' title='bbox 1033 2527 1051 2540; x_wconf 76' lang='lat'><strong>„</strong></span> <span class='ocrx_word' id='word_1_528' title='bbox 1078 2508 1132 2535; x_wconf 82' lang='lat' dir='ltr'>tat</span> <span class='ocrx_word' id='word_1_529' title='bbox 1163 2499 1197 2534; x_wconf 76' lang='lat'>8&lt;</span> <span class='ocrx_word' id='word_1_530' title='bbox 1236 2497 1363 2533; x_wconf 74' lang='lat' dir='ltr'>habeat</span> <span class='ocrx_word' id='word_1_531' title='bbox 1399 2496 1486 2532; x_wconf 86' lang='lat' dir='ltr'>duos</span> <span class='ocrx_word' id='word_1_532' title='bbox 1513 2496 1798 2538; x_wconf 82' lang='lat' dir='ltr'>Ambaxatores‚</span> 
     </span>
     <span class='ocr_line' id='line_1_98' title="bbox 1035 2544 1801 2599; baseline -0.007 -13"><span class='ocrx_word' id='word_1_533' title='bbox 1035 2576 1056 2591; x_wconf 83' lang='lat'>‚‚</span> <span class='ocrx_word' id='word_1_534' title='bbox 1087 2553 1146 2599; x_wconf 83' lang='lat' dir='ltr'>qui</span> <span class='ocrx_word' id='word_1_535' title='bbox 1186 2548 1334 2586; x_wconf 82' lang='lat' dir='ltr'>debeant</span> <span class='ocrx_word' id='word_1_536' title='bbox 1373 2547 1457 2584; x_wconf 82' lang='lat' dir='ltr'>stare</span> <span class='ocrx_word' id='word_1_537' title='bbox 1498 2560 1576 2584; x_wconf 86' lang='lat' dir='ltr'>cum</span> <span class='ocrx_word' id='word_1_538' title='bbox 1622 2544 1801 2592; x_wconf 59' lang='lat' dir='ltr'>praedisto</span> 
     </span>
     <span class='ocr_line' id='line_1_99' title="bbox 1574 2598 1749 2638; baseline -0.017 -6"><span class='ocrx_word' id='word_1_539' title='bbox 1574 2622 1599 2638; x_wconf 83' lang='lat'><em>„</em></span> <span class='ocrx_word' id='word_1_540' title='bbox 1629 2598 1749 2631; x_wconf 82' lang='lat' dir='ltr'>Domi-</span> 
     </span>
    </p>
   </div>
  </div>
 </body>
</html>
