2201 3021
225 226 304 272 569
502 215 893 258 DJSSERTATIO
932 215 1457 277 ,QUINQJAGESIMA
1659 232 1740 271 570

211 327 307 363 &um
347 340 406 374 per
441 320 723 373 prenominatum
761 322 925 366 Iudicem>

213 377 437 427 Peregrinum
475 372 545 408 fuit
582 372 744 421 legitime
780 373 920 419 imposi-

173 454 181 467 ‚
209 437 312 478 tum;
342 429 375 462 δε
402 423 493 472 quod
528 422 600 471 post
630 424 783 459 bannum
811 423 920 459 etiam

211 478 408 528 impolitum
439 487 501 522 pro
530 483 569 510 ut
596 474 705 510 Curie
736 474 920 518 constitit,

161 554 182 571 ‚,
210 531 243 565 δε
281 527 326 563 est
366 525 474 561 etiam
514 525 696 561 notorium
720 553 730 570 ,
771 525 920 574 prediffi

161 603 180 619 ‚‚
208 575 406 613 Florentini
443 577 477 611 &
506 576 710 612 Commune
741 578 921 613 Florentie

159 652 179 669 ‚‚
206 627 362 663 fecerunt
382 628 598 666 cabannas,
619 628 768 675 dampna
784 653 792 665 ,
815 629 848 664 8(
869 627 922 664 in-

159 702 179 718 „
206 678 337 726 jurias,
375 678 414 714 ὃε
445 677 619 713 molestias
649 678 838 714 antediffis
868 682 921 714 Se-

160 753 179 768 „
207 729 390 768 nenfibus‚
429 727 466 765 &
495 728 692 765 Communi
723 728 921 764 Senenfium

159 804 179 819 ‚‚
206 779 430 816 intulerunt:
465 780 776 827 Condempnamus
807 779 920 828 ipsum

161 854 181 870 ‚‚
209 832 411 867 Commune
448 831 481 866 &
520 830 797 867 Univerfitatem
842 833 922 867 Flo-

208 883 321 918 rentie
359 882 396 918 in
435 882 600 930 predistis
638 889 777 917 centum
812 882 923 918 milli—

209 932 270 967 bus
297 932 524 968 Marcharum
562 933 698 981 argenti
733 931 770 968 in
808 933 924 969 banno

207 983 407 1026 contentis,
445 983 545 1018 Fisco
579 983 758 1029 imperiali
787 983 921 1020 solven*

173 1055 181 1069 ›
209 1031 286 1078 dis,
314 1041 412 1082 parte
438 1032 537 1082 ipfius
564 1032 781 1070 Communis
807 1035 923 1070 absen-

174 1104 182 1118 ,
209 1092 244 1118 te
291 1097 351 1129 per
397 1086 655 1121 contumaciam
702 1085 822 1121 habita
863 1100 923 1132 pro

159 1156 179 1173 ,ι
207 1132 384 1182 presenti,
423 1144 546 1182 utpote
586 1149 664 1171 cum
703 1149 763 1184 per
800 1136 924 1173 Instru-

158 1207 179 1224 ‚‚
206 1193 326 1221 menta
354 1185 462 1222 etiam
496 1186 649 1234 prediffta
680 1190 721 1223 de
752 1186 923 1224 citatione

160 1258 179 1274 ‚‚
207 1234 320 1280 fafi’ta,
351 1237 384 1271 &
418 1250 476 1283 per
502 1238 677 1281 Judicem.
696 1238 922 1286 Peregrinum

158 1308 179 1323 „
207 1285 313 1321 etiam
346 1286 561 1331 constitisse,
593 1289 685 1334 quod
715 1288 757 1323 de
794 1288 860 1325 hoc
890 1304 924 1325 e-

158 1358 178 1374 „
207 1335 294 1371 tiam
324 1338 526 1373 Commune
557 1338 739 1374 florentie
776 1338 837 1375 sub
867 1354 922 1389 pe-

159 907 169 1122 nuovo

171 905 180 1019 νυν

158 1409 178 1423 ,,
205 1386 402 1433 temptorio
433 1387 583 1422 citatum
615 1388 760 1431 fuisset,
798 1398 838 1424 ut
868 1404 925 1426 co—

157 1459 178 1475 „
205 1447 277 1470 ram
308 1434 489 1483 Imperiali
523 1435 695 1484 presentia
733 1437 770 1473 in
801 1439 923 1475 termi-

155 1509 175 1526 ‚‚
202 1498 250 1522 no
296 1484 495 1533 supradiao
539 1488 677 1524 veniret:
718 1488 760 1524 de
806 1489 923 1525 banno

155 1561 175 1576 „
205 1536 364 1583 prediffio
402 1537 440 1573 in
478 1537 614 1586 judicio
652 1539 921 1585 responsurum.

157 1612 177 1628 ‚⁷
205 1589 293 1623 Item
325 1586 408 1635 quia
446 1587 605 1624 consiitit
643 1589 744 1625 nobis
782 1592 814 1626 ὃς
854 1593 923 1626 Im-

156 1638 328 1687 „periali
359 1638 491 1678 Curie,
529 1640 631 1679 plene
669 1641 709 1675 de
748 1640 922 1675 citatione

155 1712 173 1729 ‚³
203 1688 359 1738 prediaa
395 1688 486 1724 faffla
527 1690 693 1724 Potestati
736 1691 769 1723 8<
812 1692 922 1725 Com-

153 1762 176 1778 ,‚
203 1739 304 1774 muni
345 1737 527 1772 Florentie
570 1737 630 1772 sub
672 1751 758 1786 pena
800 1739 919 1776 decem

155 1787 319 1827 „millia
360 1786 586 1823 Marcharum
631 1789 768 1836 argenti
809 1800 921 1839 preter

154 1859 174 1878 ‚›
202 1837 476 1886 peremptorium
498 1866 508 1881 ,
547 1847 586 1874 ut
618 1837 655 1874 in
688 1839 920 1890 suprascripto

151 1910 174 1929 μ
200 1888 357 1924 termino
394 1888 436 1924 ad
473 1887 621 1925 Curiam
661 1891 780 1926 venire
817 1893 919 1928 debe-

154 1961 174 1980 „
201 1949 303 1979 rent,
341 1952 404 1975 nec
433 1949 625 1980 venerunt,
655 1951 694 1977 ut
723 1942 916 1990 prediffium

155 2014 172 2030 ‚2
199 1990 272 2034 est,
311 1989 436 2039 spretis
467 1991 581 2026 banno
609 1990 647 2028 δί
687 2006 772 2040 pena
806 1994 918 2043 predi-

155 2064 174 2080 „
201 2041 288 2077 estis:
328 2041 639 2090 Condempnamus
667 2043 780 2091 ipsum
810 2048 919 2082 Com-

155 2115 173 2131 „
202 2105 307 2127 mune
333 2092 515 2127 Florentie
538 2092 574 2127 in
598 2093 676 2140 ipsis
698 2095 814 2129 decem
839 2097 914 2131 mil-

152 2165 172 2181 „
199 2142 292 2178 libus
320 2141 477 2177 Marchis
511 2141 692 2190 Imperiali
723 2144 824 2180 Fisco
852 2146 914 2181 sol>

152 2217 172 2232 ‚2
199 2192 343 2229 vendis.
371 2192 462 2229 Item
486 2193 568 2240 quia
597 2193 634 2229 in
655 2195 812 2231 evidenti
835 2211 916 2233 con-

156 2267 178 2283 „
205 2243 361 2279 tumacia
386 2251 460 2277 tam
500 2243 536 2278 in
566 2243 733 2280 civilibus
773 2247 918 2293 pecitio-

154 2319 174 2335 ,‚
201 2293 325 2332 nibus,
353 2293 458 2341 quom
486 2292 523 2329 in
555 2294 799 2332 criminalibus
821 2311 916 2334 accu-

155 2370 176 2385 „
204 2344 399 2380 sationibus
427 2353 548 2380 contra
587 2345 781 2388 medinam
811 2350 915 2383 som>

157 2421 176 2436 ,,
204 2409 309 2432 mune
330 2394 510 2431 Florentie
538 2395 721 2443 propositis
752 2408 810 2433 [Yet
835 2401 920 2444 Gyn-

157 2472 178 2487 ‚‚
206 2447 328 2483 dacum
358 2444 394 2482 δ(
426 2445 592 2482 Αὲὶονεϊη
632 2447 825 2493 ρτεάῑὲωηι
857 2463 918 2497 pro

158 2523 178 2538 ‚‚
206 2507 303 2546 parte
327 2497 536 2534 Communis
561 2497 780 2539 Senenfium,
807 2499 917 2538 ipsum

156 2572 176 2589 υ
202 2551 398 2586 Commune
445 2547 633 2586 inventum
683 2550 728 2586 est
770 2550 918 2588 formam

172 301 181 314 ‚
210 278 426 323 probatum:
462 273 562 322 rquod
609 273 761 307 bannum
809 271 922 318 predi·
969 276 999 307 A
1039 295 1058 310 ‚‚
1087 271 1172 318 juris
1200 272 1398 306 communis
1427 272 1608 308 secutum:
1631 287 1801 321 >pronun-

1041 345 1060 360 „
1086 320 1248 365 ciamus,
1284 319 1398 366 ipsum
1436 319 1638 359 Commune
1675 327 1803 360 Senen-

1039 396 1060 411 ‚‚
1087 368 1173 408 sium
1218 370 1444 408 minstendum
1479 370 1518 406 in
1563 374 1799 420 possessionem

1039 448 1047 463 7

1040 498 1060 513 ῚΊ

1038 550 1046 565 Ὶ

1038 601 1045 616 5

1052 428 1064 461 ‚'
1087 423 1259 460 bonorum
1292 421 1506 459 Communis
1542 420 1579 457 ἃ
1620 422 1800 460 Univerfi-

1088 475 1173 510 tatis
1204 473 1386 510 Florentie
1423 486 1483 522 per
1520 471 1715 508 mensuram
1743 475 1805 509 de?

1050 550 1057 564 ›
1085 525 1154 562 biti
1181 524 1350 561 declarati
1377 524 1618 561 sexcentarum
1640 521 1800 559 millium

1049 601 1057 615 ‚
1084 576 1273 613 Librarum
1314 575 1537 612 denariorum
1573 572 1769 610 Senenfium
1789 600 1799 618 ‚

1038 652 1058 667 ‚‚
1087 640 1148 675 pro
1175 627 1328 675 dampno
1355 627 1460 663 illato
1489 624 1719 662 Univerfitati
1745 624 1799 674 ip·

1038 703 1057 718 ‚,
1084 678 1149 714 lius
1181 677 1220 713 in
1256 678 1489 714 destrufflone
1526 676 1725 713 Castrorum
1757 676 1800 712 de

1038 753 1057 768 ‚,
1085 729 1242 768 Sintula,
1270 730 1303 764 8<
1333 731 1475 774 Quercu
1503 729 1646 767 Grofl'e‚
1674 728 1708 762 8<
1738 740 1799 775 pro

1036 804 1054 818 ‚,
1082 778 1236 826 dampno
1276 778 1381 815 illato
1420 778 1525 827 ipfius
1567 777 1800 814 Univerfitati

1035 854 1054 870 n
1081 829 1116 864 &
1144 828 1348 866 Comitatui
1376 829 1480 879 ipsius
1509 842 1568 877 per
1595 827 1802 864 devastatio-

1035 904 1054 920 „
1082 893 1142 916 nes
1160 907 1169 925 ‚
1210 880 1375 917 incendia
1392 908 1401 925 ,
1438 882 1487 916 &.
1509 878 1800 928 depopulationes

1035 955 1054 971 η
1081 944 1196 967 rerum
1224 932 1258 967 &
1288 932 1460 968 bonorum
1497 929 1695 968 Senenfium
1713 955 1723 974 ‚
1761 928 1799 965 ὃ(

1035 1004 1055 1022 a,
1083 981 1290 1018 Comitatus
1333 982 1518 1031 ipsorum,
1562 979 1801 1016 declaratione

1035 1056 1054 1073 ‚,
1081 1031 1186 1081 ipsius
1214 1033 1327 1069 debiti
1356 1033 1448 1069 fabia
1477 1031 1659 1081 imperiali
1686 1029 1800 1078 Curio

1035 1107 1055 1123 ›‚
1082 1096 1200 1119 coram
1222 1083 1325 1120 nobis
1346 1098 1407 1132 per
1428 1084 1680 1120 sacramentum
1704 1089 1801 1116 ante-

1035 1159 1052 1174 „
1081 1133 1170 1170 disti
1200 1133 1372 1170 Guidoffi
1411 1134 1560 1180 syndaci
1589 1133 1622 1167 8<
1652 1130 1799 1167 Asteris

1033 1209 1054 1225 ‚‚
1083 1183 1305 1230 Senenfium,
1346 1184 1410 1233 qui
1454 1183 1653 1230 specialiter
1695 1182 1800 1217 habe-

1034 1260 1052 1275 „
1082 1236 1162 1280 bat,
1191 1250 1254 1285 pro
1280 1243 1318 1273 ut
1338 1249 1399 1286 per
1419 1235 1690 1271 Instrumentum
1712 1235 1799 1279 Syn-

1081 1286 1218 1323 dicatus
1261 1285 1300 1325 &
1341 1285 1559 1323 A&oritatis
1602 1283 1760 1320 constitit
1787 1305 1799 1322 ,

1080 1337 1123 1373 de
1150 1338 1298 1386 jurando
1323 1338 1552 1373 mandatum.
1587 1333 1798 1369 Pronuntia-

1080 1400 1157 1422 mus
1199 1391 1304 1421 etiam
1326 1412 1337 1429 ‚
1385 1387 1476 1420 bona
1511 1383 1725 1419 Communis
1762 1383 1797 1416 ὃς

1032 1462 1051 1475 ,,
1080 1434 1329 1470 Univerfitatis
1357 1433 1462 1482 ipsius
1484 1433 1665 1470 Florentie
1692 1434 1798 1469 adno—

1034 1512 1051 1525 „
1079 1485 1184 1521 tanda
1224 1486 1323 1534 juxta
1363 1485 1524 1521 ordinem
1568 1483 1676 1532 juris,
1713 1484 1797 1531 quia

1033 1563 1051 1577 ‚,
1080 1536 1315 1584 peremptorie
1344 1535 1445 1571 citati
1475 1537 1508 1570 ὅ(
1538 1533 1696 1581 requisiti
1734 1547 1796 1581 pro

1032 1613 1052 1625 ‚,
1081 1585 1327 1621 criminalibus
1356 1584 1638 1621 accusationibus
1659 1584 1796 1619 antedi-

1032 1663 1050 1677 „
1079 1636 1147 1672 &is
1175 1635 1213 1671 in
1241 1636 1369 1672 statuto
1398 1636 1553 1671 termino
1581 1634 1640 1678 se,
1677 1643 1716 1670 ut
1744 1633 1798 1669 tli-

1032 1713 1050 1727 „
1079 1687 1175 1724 &um
1219 1686 1291 1731 est,
1333 1685 1482 1722 minime
1525 1684 1796 1734 presentarunt.

1031 1764 1050 1780 2,
1080 1739 1138 1774 Ad
1167 1738 1265 1784 cujus
1296 1737 1345 1773 rei
1375 1737 1582 1773 memoriam
1611 1735 1650 1772 &
1679 1749 1797 1785 perpe-

1031 1815 1050 1831 „
1077 1798 1175 1825 tuam
1205 1787 1411 1824 firmitatem
1440 1788 1504 1824 hec
1532 1788 1675 1826 omnia,
1713 1799 1797 1834 qua-

1032 1841 1164 1882 „liter
1190 1839 1280 1889 gesta
1316 1839 1480 1879 fuerunt,
1518 1851 1582 1874 nos
1622 1837 1797 1873 antediffii

1031 1916 1051 1933 ‚‚
1078 1890 1306 1937 Gaybardus,
1343 1889 1380 1926 &
1418 1890 1530 1934 Judex
1568 1891 1690 1924 Petrus
1726 1888 1798 1924 tibi

1032 1967 1050 1983 ,,
1080 1942 1221 1990 Angelo
1259 1941 1458 1990 imperialis
1499 1940 1609 1976 Curie
1652 1940 1797 1987 publico

1032 2019 1050 2034 ‚,
1080 1992 1234 2029 Notario
1287 1992 1325 2028 in
1373 1991 1510 2040 scriptis
1558 1990 1797 2026 commiiimus

964 2077 990 2110 E

1030 2069 1052 2084 ‚‚
1079 2043 1295 2092 redigenda,
1329 2042 1453 2078 nostris
1480 2041 1798 2089 subscriptionibus

1030 2120 1049 2134 ‚,
1076 2095 1261 2129 roborata.

1081 2170 1100 2183 „
1131 2143 1221 2179 Aaa
1250 2142 1331 2179 sunt
1361 2143 1425 2180 hec
1462 2142 1551 2188 apud
1582 2144 1766 2178 Procinam
1786 2169 1798 2188 ,

1030 2221 1050 2235 ,,
1079 2196 1209 2231 ibidem
1240 2194 1396 2230 Domino
1432 2193 1546 2228 nostro
1583 2193 1796 2234 Imperatore

1030 2271 1049 2285 ,,
1079 2245 1256 2291 presente,
1286 2247 1416 2281 Anno,
1453 2240 1601 2286 Mense,
1628 2242 1662 2276 δι
1702 2242 1796 2277 Indi-

1030 2321 1048 2333 „
1077 2295 1196 2330 &tione
1225 2293 1445 2341 prescriptis.

1081 2372 1099 2384 ,,
1129 2348 1205 2394 Ego
1248 2346 1369 2380 Petrus
1411 2343 1551 2384 Vinee,
1596 2342 1793 2393 Imperialis

1031 2423 1050 2436 ‚,
1078 2395 1186 2432 Curie
1215 2395 1325 2439 Judex
1338 2422 1348 2431 .

1082 2472 1101 2485 ‚‚
1128 2449 1204 2494 Ego
1235 2446 1401 2482 Ranerius
1440 2445 1611 2483 Notarius
1639 2445 1794 2494 predis’ca

1033 2524 1051 2537 ‚‚
1079 2499 1195 2534 omnia
1222 2511 1265 2533 ex
1292 2497 1497 2534 authentico
1526 2497 1640 2547 scripsi
1669 2497 1793 2532 Instru-

1000 2543 1006 2587 l
1034 2574 1053 2590 ‚‚
1080 2558 1221 2595 mento,
1248 2548 1334 2585 ficut
1361 2552 1395 2586 in
1431 2549 1551 2586 eodem
1588 2549 1794 2584 contineba-

1608 2624 1629 2640 ‚‚
1656 2609 1713 2635 tur
1731 2623 1743 2642 ‚
