2201 3021
442 224 499 266 79
737 213 1148 272 ANTJQJMT.
1193 213 1428 252 MEDII
1468 214 1650 254 AEVI
1885 216 1943 256 So

385 316 590 354 floribertus
617 323 837 356 Cancellarius
864 324 935 357 vice
963 323 1060 356 Petri
1087 321 1222 354 Cumani
1250 318 1395 366 Epistopi
1422 322 1609 365 recognovi.

386 372 478 404 Data
516 373 562 405 ΙΙ.
601 374 676 405 Idus
714 371 922 413 Decembris,
960 377 1048 406 Ληηυ
1086 371 1326 406 Instat-nationis
1362 373 1496 406 Domini
1523 376 1594 408 MI.
1622 374 1712 407 Anno
1742 371 1860 408 Domni
1886 374 2015 409 ottonis

386 422 426 452 'au
489 422 627 464 Tertii,
656 424 759 467 Regni
786 425 897 459 XVII.
925 424 1060 468 Imperii
1087 425 1143 457 VJ.
1172 422 1346 456 lndielione
1371 424 1447 458 XV.

386 471 495 506 As‘lum
522 475 547 505 R
553 486 572 506 a
578 486 595 505 τ
600 485 678 506 enne
687 498 697 508 .

522 524 694 558 Foramen
721 522 928 564 chordulae,
957 524 1015 560 cui
1042 521 1190 572 appensa
1216 530 1290 558 erat
1317 523 1421 558 Bulla
1447 522 1647 571 Imperialis
1673 523 1872 573 deperdita.

439 622 586 658 Interim
627 636 672 659 ex
720 623 869 672 geminis
910 623 1153 670 Diplomatis‚
1175 622 1371 670 ¹Alrunt)
1408 624 1632 666 Vavaffiirum,
1669 625 1942 671 Cqslellanorum,
1978 638 2012 661 a·

389 683 483 708 nunc
511 686 530 708 a
560 686 614 709 me
653 673 735 721 juris
772 673 905 722 publici
936 673 1062 718 fa&is‚
1099 674 1153 709 in-

389 723 551 772 telligere
589 723 700 766 licet,
739 725 780 760 ad
819 725 870 773 jus
899 725 1154 761 sanaimonia-

390 772 480 809 lium
520 774 762 811 Ticinenfium
810 775 1013 824 pertinuisse
1055 776 1154 824 plura

392 824 541 860 Callella
571 826 603 860 δ(
635 826 769 870 Vicos,
799 839 946 874 quorum
983 827 1155 862 nonnulla

389 874 510 910 nostris
554 888 693 924 quoque
741 876 958 924 temporibus
1000 876 1121 925 vigent
1143 905 1153 922 ‚

391 924 498 960 immo
525 926 557 961 &
587 939 605 961 a
634 927 755 963 multis
784 928 1002 963 celebrantur
1026 928 1072 962 ob
1097 940 1154 963 eo—

390 987 468 1010 rum
493 974 729 1023 splendorem.
755 979 883 1012 Verum
906 980 1155 1013 Novocomen-

392 1024 468 1066 ses,
506 1025 543 1061 in
572 1039 721 1074 quorum
760 1026 887 1064 finibus
917 1041 955 1063 ea
992 1028 1052 1064 fita
1083 1026 1155 1064 fue-

388 1089 453 1119 re,
495 1075 574 1112 suae
616 1077 807 1125 cupiditati
849 1088 1042 1125 temperare
1083 1091 1154 1114 non

389 1135 584 1174 potuerunt
599 1155 605 1167 .
622 1128 813 1174 quominus
829 1127 912 1164 haec
928 1128 1035 1164 etiam
1058 1141 1154 1164 man-

389 1176 589 1213 suetiffimis
613 1178 801 1227 Virginum
832 1179 988 1215 coetibus
1016 1190 1153 1228 erepta,

389 1226 467 1263 suae
495 1228 634 1263 tande'm
665 1229 823 1277 potestati
850 1230 1097 1278 adjungerent.
1125 1232 1155 1265 1-

388 1285 424 1314 ta
461 1278 665 1314 Civitatum
705 1281 913 1316 Liberarum
956 1281 1081 1328 Populi
1118 1280 1155 1316 in

388 1328 493 1363 Italia
511 1356 520 1371 ‚
548 1341 770 1377 quacumque
800 1330 978 1367 occasione
1014 1332 1154 1373 oblata,

391 1376 459 1413 five
500 1378 584 1426 justa
629 1378 696 1415 slve
741 1380 893 1428 injusta,
936 1382 1018 1417 dum
1066 1382 1156 1417 vires

392 1427 641 1476 suppeterent,
677 1429 716 1465 in
745 1431 903 1473 vicinos,
942 1431 1086 1476 suosque
1122 1444 1157 1466 e-

392 1477 480 1513 tiam
511 1478 654 1520 fratres,
682 1480 885 1517 debacchati
916 1480 1017 1530 sunt3
1046 1479 1083 1517 &
1112 1495 1154 1516 ex

393 1540 512 1563 eorum
540 1529 661 1576 spoliis
691 1531 831 1578 publica
856 1545 907 1566 res
935 1532 1070 1580 crevit3
1096 1532 1157 1567 do-

394 1590 457 1613 nec
478 1577 511 1612 δι
541 1578 602 1624 ipsi
630 1580 803 1616 intestinis
832 1582 933 1617 bellis
959 1585 1071 1618 attriti
1097 1590 1158 1618 aut

392 1627 513 1676 sponte
542 1627 741 1672 adscivere,
779 1640 839 1664 aut
867 1631 982 1665 coaai
1018 1645 1157 1675 accepe-

391 1691 427 1715 re
460 1691 568 1714 novos
600 1679 797 1714 Dominos:
828 1691 895 1726 qua
924 1679 965 1714 de
1001 1692 1038 1714 re
1067 1678 1158 1713 infra

391 1728 430 1765 in
468 1728 638 1776 peculiari
676 1729 928 1764 Differ-tatione
962 1729 1030 1765 erit
1067 1728 1157 1764 mihi

392 1778 529 1814 sermo.
571 1780 693 1825 Nuper
723 1781 806 1813 verb
843 1778 994 1820 monui,
1024 1778 1157 1813 indica-

390 1836 445 1864 tos
484 1841 504 1863 a
543 1841 598 1864 me
635 1827 734 1864 fuisse
770 1827 809 1863 in
848 1828 1028 1863 Dissertat.
1060 1830 1156 1864 XXI.

394 1882 431 1915 de
456 1882 555 1914 Statu
579 1882 657 1913 Ital.
684 1879 889 1915 Comitatus
914 1877 1075 1925 aliquot,
1103 1880 1156 1914 in-

391 1938 446 1965 ter
470 1929 607 1966 nobiles
630 1928 746 1965 Urbes
768 1928 1020 1978 antiquiffimis
1047 1929 1155 1965 etiam

394 1980 607 2025 temporibus
636 1979 861 2016 constitutos.
896 1982 1000 2016 Nunc
1031 1980 1157 2015 adden·
1198 1980 1232 2014 D

394 2030 476 2065 dum
520 2029 591 2069 est,
631 2043 688 2065 eos
732 2031 803 2078 post
838 2033 984 2066 Annum
1025 2029 1156 2068 Christi

393 2079 627 2116 Millefimum
671 2089 732 2115 aut
774 2080 811 2115 in
849 2080 950 2115 unius
987 2081 1156 2116 Familiae

396 2129 541 2166 illustris
569 2126 814 2165 dominatione
847 2130 1060 2170 constitisse,
1096 2139 1156 2165 aut

393 2180 432 2216 in
464 2181 577 2227 plures
604 2180 820 2228 Toparchias
849 2179 1002 2223 divisos,
1030 2179 1156 2216 ceffiss'e

394 2231 433 2268 in
460 2229 634 2267 ditionem
663 2233 913 2276 Capitaneorum
951 2230 1065 2278 (quos
1093 2236 1156 2265 Ca-

397 2292 506 2319 taneos
522 2305 535 2323 ‚
569 2291 630 2319 aut
656 2286 832 2320 cattaneos
858 2280 965 2318 etiam
1003 2281 1156 2331 appella-

1260 674 1458 722 liorumque
1487 673 1687 722 hujusmodi
1717 676 1891 712 nobilium
1921 675 2015 711 viro·

1260 737 1336 759 rum
1373 723 1473 760 illius
1509 725 1615 773 aevi;
1654 726 1804 773 denique
1834 730 1915 763 verb
1952 725 2017 761 fin-

1258 775 1358 822 gulos
1386 774 1487 810 hosce
1515 775 1666 812 minores
1694 778 1854 812 Comites
1882 791 1920 812 ac
1951 779 2016 812 Re-

1258 825 1380 872 gulos,
1408 835 1468 861 aut
1496 826 1532 860 vi
1560 835 1620 860 aut
1650 826 1796 872 sponte,
1826 828 1917 862 colla
1945 827 2019 861 sen—

1258 874 1317 910 sim
1362 874 1547 912 submisisse
1583 875 1785 911 Civitatum
1826 877 2018 911 liberarum

1259 926 1384 974 majori
1416 927 1619 975 potentiae.
1658 928 1698 961 In
1729 939 1766 961 ea
1797 926 2018 962 Dissertatio-

1259 989 1300 1011 ne
1323 991 1400 1025 prae
1422 977 1545 1012 ceteris
1569 985 1863 1012 commemoratus
1884 976 1927 1010 est
1952 977 2017 1012 mi-

1259 1026 1296 1062 hi
1323 1030 1509 1063 comitatus
1538 1029 1717 1062 Feroniani
1746 1028 1782 1062 in
1816 1027 2019 1070 montibus,

1260 1089 1350 1113 nunc
1378 1080 1405 1112 il
1431 1080 1599 1122 Frignano
1616 1106 1625 1122 ‚
1663 1077 1728 1112 sive
1764 1079 1792 1111 il
1817 1081 2017 1121 Foegnano,

1258 1128 1299 1163 ad
1337 1127 1519 1164 meridiem
1554 1126 1761 1164 Mutinensis
1799 1128 1871 1176 agri
1911 1127 2019 1167 situs,

1259 1178 1290 1213 ἃ
1315 1179 1552 1214 conterminus
1576 1177 1782 1214 Bononiensi
1798 1204 1805 1217 ‚
1836 1177 2020 1213 Pistorien-

1260 1227 1306 1272 fi,
1331 1240 1434 1277 arque
1462 1229 1628 1266 Lucensi‚
1655 1231 1730 1273 Jam
1762 1231 1868 1263 Anno
1895 1230 1960 1263 M(
1974 1230 2019 1264 L.

1260 1279 1418 1315 universa
1446 1280 1510 1314 illa
1538 1283 1658 1328 regio,
1695 1279 1848 1314 Castellis
1876 1277 2018 1313 fortiffi-

1261 1330 1352 1374 mis,
1394 1329 1569 1377 oppidis,
1609 1329 1744 1367 Villis,
1787 1341 1826 1363 ac
1868 1329 2020 1364 Are-ibus

1260 1380 1458 1417 abundans,
1486 1380 1600 1414 varios
1628 1380 1791 1413 dominos
1819 1388 2020 1426 acceperat,

1261 1429 1326 1464 [ive
1365 1429 1391 1464 ii
1426 1429 1639 1474 Populorurn
1678 1427 1858 1462 deditione
1896 1430 2021 1462 volun-

1261 1479 1370 1522 tari-i,
1395 1477 1463 1513 five
1489 1490 1664 1513 armorum
1693 1478 1828 1516 calore,
1855 1476 1921 1512 sive
1951 1479 2020 1512 Im-

1215 1523 1458 1584 'lperatorum
1497 1541 1638 1564 munere
1675 1536 1779 1575 atque
1816 1527 2021 1563 Investitura

1262 1580 1348 1616 locis
1377 1581 1451 1615 illis
1479 1579 1766 1614 dominarentur.
1801 1578 1934 1613 Obortzi
1964 1590 2021 1614 ve·

1262 1634 1300 1665 rc>
1322 1631 1413 1666 inter
1433 1644 1490 1666 eos
1511 1629 1723 1666 castellanos
1744 1628 1913 1663 discordia
1938 1627 2021 1662 Mu·

1264 1680 1404 1712 tinenfis
1427 1680 1654 1725 Respublica,
1671 1692 1758 1725 quae
1779 1677 1915 1713 fortasse
1937 1690 2021 1713 con·-

1265 1727 1456 1766 tendebat,
1499 1740 1569 1762 non
1606 1728 1700 1763 secus
1741 1739 1844 1775 atque
1880 1727 2023 1774 Episco-

1266 1777 1352 1823 palis
1389 1776 1588 1822 Dioecefis,
1623 1778 1844 1814 Comitatum
1881 1791 2020 1825 quoque

1266 1826 1372 1863 Urbis
1399 1828 1486 1864 olim
1516 1829 1604 1864 illuc
1633 1828 1664 1862 se
1692 1828 1922 1875 protendisse,
1951 1841 2023 1864 non

1265 1877 1376 1927 segnis
1404 1879 1444 1913 ad
1473 1877 1675 1915 incendium
1703 1877 1875 1918 accurrit.
1899 1876 2022 1914 fastio-

1265 1942 1414 1977 nemque
1450 1943 1570 1965 eorum
1609 1929 1830 1978 praecipuam
1867 1928 2023 1975 (Corvu-

1265 1983 1364 2014 lorum
1401 1992 1529 2015 nomen
1566 1979 1594 2015 ii
1632 1978 1882 2024 assumseram)
1917 1979 2023 2015 εάὂω-

1264 2029 1343 2074 xit,
1364 2039 1403 2066 ut
1424 2029 1490 2066 sese
1516 2029 1623 2066 Cives
1648 2029 1811 2065 Mutinae
1838 2027 2022 2064 constitue-

1264 2089 1368 2122 rent,
1404 2079 1576 2125 ipsiusque
1603 2079 1775 2115 Civitatis
1807 2077 2022 2114 dominatio-

1263 2130 1301 2165 ni
1331 2129 1515 2165 subderent
1532 2156 1541 2165 .
1578 2131 1631 2164 En
1659 2129 1826 2165 Chartam
1858 2142 1901 2163 ex
1929 2129 2021 2164 anti-

1263 2178 1429 2227 quiffimo
1472 2179 1616 2228 Regeslo
1659 2181 1765 2217 Msto
1805 2178 2020 2217 Communis

1263 2230 1430 2268 Mutinae
1457 2230 1667 2281 descriptam
1685 2256 1696 2268 0

1837 2577 1943 2618 Paaa
1956 2604 1971 2622 .
