2201 3021
207 305 234 340 3,
261 252 426 331 'wigonis
451 292 529 330 filio
553 292 635 331 suo,
659 293 694 326 &
722 292 896 329 Nicholae
924 293 963 329 fi-

207 370 234 390 „
259 345 330 380 lius
358 343 551 392 Domingi‚
587 343 622 377 δε
652 343 863 392 Bonfignore
893 343 961 380 filii

207 421 234 440 „
262 395 414 439 Adami,
441 395 476 430 8<
504 393 661 428 Gerardo
697 392 775 428 filio
800 394 960 430 Gulfera-

208 473 232 489 ‚‚
260 445 334 488 nii,
370 446 404 480 ἃ
442 445 637 479 Romanelli
675 443 753 479 filio
782 445 957 481 Duranti.

207 523 233 540 ‚‚
259 496 293 530 δε
323 493 398 543 [rigi
433 492 509 529 filio
538 494 683 530 Petroni
709 495 895 535 Clericus,
927 496 960 530 δε

207 570 232 590 ‚,
262 543 425 580 Rainerio
454 543 532 580 filio
562 543 679 581 Maizi
705 545 870 586 Medici,
906 559 960 582 ro-

207 621 232 640 ,‚
258 594 330 643 gati
359 594 478 630 testes.

256 669 276 683 ‚‚
305 644 481 680 Rolandus
517 645 687 683 Notarius
724 646 796 696 post
831 646 960 684 tradita

547 235 937 278 DlssERTATJO
969 235 1488 295 ‚QUINQUAGEHMAE

1682 249 1771 292 774

1073 317 1093 333 ,‚
1121 292 1247 326 bonam
1263 318 1274 334 ‚
1310 292 1611 341 exspontaneaque
1636 296 1800 330 voluntas
1815 317 1828 335 ,

1071 368 1092 383 ,,
1120 343 1377 389 promittimus,
1404 342 1627 392 spondimus,
1653 344 1764 392 adque
1787 357 1828 380 o-

1071 417 1092 432 „
1119 393 1292 442 bligamus
1327 392 1366 428 in
1407 396 1581 429 Contratu
1619 395 1828 431 Lambertue

1072 468 1092 483 „
1119 443 1402 490 Archipi·esbiter
1427 443 1470 479 de
1495 443 1630 479 Ordine
1653 445 1686 478 &
1711 447 1829 480 Cano-

1069 518 1090 534 „
1116 497 1193 529 nica
1219 493 1364 529 Sanstae
1401 493 1539 531 Mariae
1573 493 1727 530 Senensis
1764 497 1829 530 Ec-

1069 569 1089 584 „
1116 543 1256 583 clefiae‚
1283 546 1318 580 &
1346 544 1481 581 cunfflzis
1508 547 1596 584 tuis,
1624 544 1829 593 posterisque

1069 620 1091 636 ,.
1117 594 1384 636 successoribus,
1412 605 1452 631 ut
1477 595 1664 631 dummodo
1701 595 1741 632 in
1767 608 1829 631 an-

1069 670 1092 686 „
1118 654 1174 681 tea
1217 660 1372 695 unquam
1414 646 1517 682 modo
1562 655 1720 695 tempore
1757 658 1830 681 non

1070 721 1090 736 ‚‚
1117 695 1304 734 habeamus
1352 697 1535 734 licentiam
1578 710 1642 734 nec
1684 696 1832 743 potesta-

1001 753 1031 788 Β
1070 770 1090 787 ,,
1117 755 1216 792 tem,
1249 761 1362 796 neque
1398 748 1498 784 nobis
1536 748 1734 797 germanis,
1770 759 1831 782 ne-

1068 822 1088 838 „
1115 811 1184 845 que
1225 798 1349 835 nostris
1390 798 1594 839 heredibus,
1634 806 1758 834 contra
1794 805 1830 831 te

1068 873 1087 888 .,
1116 849 1185 896 jam
1213 848 1311 885 dieto
1338 849 1673 899 Archipresbiter0‚
1716 859 1830 895 neque

1068 924 1088 938 „
1116 908 1237 935 contra
1265 900 1361 945 tuis,
1391 901 1596 949 posterisque
1633 897 1830 935 successori-

1082 975 1089 988 ,
1116 950 1176 985 bus
1203 964 1304 1000 agere
1323 961 1386 988 aut
1405 952 1563 995 causare,
1591 951 1737 989 tollere,
1767 955 1829 983 aut

1068 1024 1087 1038 ‚‚
1115 1002 1345 1040 contendere,
1389 1001 1444 1036 seu
1485 1001 1584 1048 supra
1628 1012 1729 1047 agere
1771 998 1828 1032 vel

1066 1075 1086 1086 ‚‚
1114 1050 1294 1091 minuere,
1321 1058 1382 1085 aut
1407 1050 1447 1085 in
1474 1050 1634 1093 qualibet
1657 1051 1727 1083 litis
1747 1059 1828 1081 cau-

1066 1118 1086 1131 „
1114 1093 1253 1128 sationis
1281 1094 1434 1130 indicere
1471 1108 1530 1143 per
1556 1108 1647 1135 nos,
1674 1096 1730 1131 vel
1769 1108 1828 1144 per

202 1176 210 1192 3
1067 1167 1085 1181 η
1112 1143 1260 1179 nostram
1299 1144 1579 1182 summittentem
1619 1145 1827 1195 personam,

202 1223 224 1238 ,‚
250 1198 348 1234 tione
386 1196 534 1232 Domini
563 1197 639 1240 Jesu
669 1195 799 1232 Christi
836 1195 959 1232 Miller
994 1196 1028 1233 C
1065 1217 1085 1231 2,
1113 1203 1172 1229 aut
1210 1208 1269 1242 per
1305 1197 1464 1243 qualibet
1501 1197 1614 1232 nostro
1650 1196 1825 1246 ingeniO,

199 1272 220 1287 ‚,
247 1247 332 1283 fimo
360 1247 613 1296 Septuagefimo
642 1247 821 1290 Secundo,
851 1249 958 1281 Sexto
1065 1268 1084 1282 η
1111 1245 1331 1281 nominative
1359 1246 1400 1282 de
1426 1250 1588 1284 omnibus
1625 1248 1694 1282 illis
1722 1246 1826 1287 casis.

201 1323 221 1339 ⁷,
248 1299 386 1334 decimo
412 1298 585 1334 Kalendas
611 1297 760 1338 Martii,
787 1296 953 1333 Indiffio-
1036 1273 1041 1344 l
1071 1318 1090 1332 η
1116 1294 1249 1339 hortis,
1293 1297 1476 1338 terrineis,
1519 1300 1553 1334 ὃ(
1597 1297 1795 1334 donnicatis
1815 1322 1827 1340 o

201 1374 221 1389 ‚,
247 1362 291 1385 ne
320 1352 370 1385 XI
384 1375 518 1385 ......
547 1349 802 1388 Bernardinus,
828 1346 866 1384 &
888 1354 954 1382 Ar-
1069 1368 1089 1382 υ
1116 1344 1154 1382 &
1190 1346 1323 1387 vineis,
1360 1347 1417 1384 seu
1452 1348 1490 1385 ὅτ,
1528 1349 1655 1394 sylvis,
1698 1349 1753 1383 seu
1790 1348 1827 1382 δε

198 1425 226 1444 ,,
252 1400 361 1449 dingo
397 1400 479 1448 (46)
516 1400 690 1447 germanis
726 1398 811 1434 filiis
849 1398 955 1433 Rahi-
1068 1418 1087 1433 ,ι
1114 1396 1336 1431 medietatem
1366 1399 1408 1431 de
1434 1400 1581 1432 curtem
1603 1398 1644 1431 de
1663 1400 1827 1444 Oprena,

198 1474 224 1493 ‚‚
251 1451 341 1485 nerii
377 1451 457 1498 (47)
495 1450 652 1484 Comes:
693 1449 769 1496 ipso
804 1460 955 1494 namque
1067 1467 1085 1483 ‚2
1112 1446 1146 1479 8(
1183 1446 1224 1480 de
1260 1446 1416 1482 &metari
1444 1445 1527 1494 (48)
1556 1447 1597 1483 de
1624 1447 1741 1491 Aeta,
1767 1447 1826 1482 ad·

199 1525 223 1544 ‚‚
250 1499 423 1535 Genitore
446 1498 560 1535 nostro
584 1498 707 1540 nobis,
727 1511 874 1547 quorum
903 1498 953 1533 su-
977 1515 981 1555 j
1066 1517 1085 1532 η
1113 1508 1180 1543 que
1207 1495 1248 1530 ad
1276 1497 1373 1531 Lacu
1401 1496 1443 1532 de
1472 1500 1629 1533 Verranu
1657 1497 1699 1532 de
1712 1522 1825 1533 ......

198 1575 224 1595 ‚,
252 1563 333 1599 pra,
358 1550 530 1599 germanis
556 1549 813 1588 consentiente,
839 1548 876 1584 &
904 1548 953 1584 su-
977 1557 982 1601 ξ
1066 1569 1085 1582 2,
1112 1544 1277 1581 omnibus
1316 1546 1387 1581 illis
1431 1547 1557 1587 rebus,
1595 1547 1680 1583 ficut
1717 1547 1822 1591 hodie

198 1626 224 1645 „
254 1611 329 1648 pter
356 1600 607 1640 confirmante,
638 1599 829 1649 praesentes
859 1612 953 1648 prae·
977 1603 981 1647 l
1035 1596 1040 1642 ἶ
1115 1596 1181 1643 jam
1210 1596 1309 1631 diffio
1335 1596 1488 1633 Genitor
1514 1598 1624 1634 noster
1646 1612 1713 1633 una
1741 1611 1822 1633 cun-1

197 1675 216 1691 ‚‚
244 1651 396 1688 sentibus
437 1651 618 1687 diximus.
1113 1646 1297 1682 Genitrice
1324 1648 1434 1683 nostra
1464 1662 1523 1697 per
1548 1650 1695 1685 cartula
1720 1649 1823 1684 offer-

1065 1620 1085 1634 ‚‚

665 1652 851 1697 Propterea
895 1662 953 1696 per
977 1643 1040 1702 ³Dl
1065 1671 1086 1685 η

198 1726 217 1742 „
245 1701 335 1738 hunc
363 1701 530 1748 scriptum
559 1699 796 1747 promiffionis
815 1699 848 1733 &
870 1712 950 1734 con-
1035 1703 1041 1742 1
1065 1722 1085 1735 .‚
1112 1696 1216 1733 fionis
1243 1697 1357 1733 emisit
1382 1698 1420 1734 in
1449 1699 1516 1746 jam
1545 1699 1675 1735 difflua
1704 1701 1825 1735 Cano-

1035 1744 1040 1793 Ι
1066 1773 1085 1787 ,,
1111 1748 1227 1784 nicam
1256 1748 1399 1785 Sanffiae
1428 1748 1588 1796 Mariae,
1624 1750 1745 1786 omnia
1781 1749 1821 1785 in

196 1777 216 1791 ‚‚
243 1750 441 1787 venientiae
468 1749 598 1786 nostrae
616 1774 627 1790 ,
653 1751 688 1785 &
715 1763 775 1799 per
801 1749 948 1785 nostram

204 718 225 735 ‚‚
252 695 429 744 complevi
456 696 490 731 ὅ(
518 696 622 734 dedi.

395 892 602 933 NUM.
665 893 766 933 XI.

1068 974 1076 989 υ

457 1005 569 1035 Anno
599 1014 706 1048 1072.

202 1124 223 1139 ‚,
297 1100 334 1135 N
361 1095 506 1133 nomine
534 1095 678 1131 sanetae
702 1095 736 1130 &
759 1093 958 1130 individuae

217 1097 286 1192 ,E
321 1146 538 1183 Trinitatis.
576 1151 684 1181 Anno
719 1146 762 1181 ab
798 1145 959 1182 Incarna>

1134 1798 1170 1834 C
1198 1812 1216 1834 e
1243 1813 1260 1834 c
1291 1812 1310 1835 2
1667 1825 1690 1841 2,
1718 1801 1770 1836 in-

273 1852 344 1890 (46)
366 1850 512 1890 Ardingo.
543 1850 596 1882 Mi
626 1850 735 1891 penso,
763 1850 820 1882 che
841 1849 944 1891 questo
968 1848 1109 1889 Ardingo
1137 1849 1226 1880 abbia
1247 1850 1321 1880 dato
1349 1849 1369 1881 il
1400 1861 1493 1883 nome
1522 1861 1538 1882 a
1567 1850 1609 1891 gli
1636 1850 1820 1890 Ardeng're-

194 1891 281 1932 schi,
306 1892 362 1924 che
390 1893 420 1923 di
449 1891 547 1923 molte
570 1891 672 1924 Terre
701 1893 775 1923 sono
804 1891 870 1922 stati
900 1890 1049 1930 padroni,
1076 1900 1165 1921 come
1192 1889 1236 1921 fra
1263 1891 1284 1922 l*
1300 1890 1376 1922 altre
1406 1891 1480 1922 sono
1505 1891 1677 1931 civitella,
1701 1890 1820 1930 Torri,

195 1933 308 1972 Gello,
330 1932 547 1973 Montorsam,
570 1933 659 1972 Pari,
681 1932 719 1965 ed
747 1932 817 1965 altri
844 1932 969 1971 luoghi‚
991 1940 1080 1963 come
1109 1929 1130 1962 fi
1153 1931 1230 1962 vede
1258 1930 1322 1963 allo
1350 1932 1479 1972 Spedale
1509 1933 1541 1964 in
1564 1944 1625 1965 uno
1648 1931 1766 1973 spoglio
1787 1932 1819 1964 di

192 1974 355 2006 Contratti
378 1973 427 2005 del
449 1973 594 2005 Comune
616 1974 646 2005 di
670 1973 783 2005 Siena.

275 2016 346 2053 (47)
369 2013 537 2046 Raln'nerii.
568 2015 698 2046 Ranieri
721 2014 849 2046 Come:
878 2012 931 2054 qul
955 2013 970 2044 ἐ
1000 2012 1032 2044 in
1055 2011 1190 2051 dubbio,
1219 2012 1248 2045 se
1278 2013 1406 2045 Ranieri
1436 2013 1509 2045 fusse
1531 2014 1638 2046 Conte
1663 2015 1695 2044 di
1719 2013 1820 2051 digni-

186 2054 246 2094 ss,
267 2065 287 2085 0
311 2063 488 2085 veramente
510 2054 634 2094 Come,
656 2054 723 2086 cioe
747 2055 986 2087 Governatore.
1017 2052 1046 2085 Il
1068 2064 1130 2085 non
1152 2053 1245 2086 effere
1267 2054 1277 2085 i
1308 2054 1372 2086 suoi
1394 2054 1524 2094 figliuoli
1555 2055 1708 2086 nominati
1731 2054 1819 2084 Con·-

195 2096 239 2135 ti,
267 2095 311 2126 mi
339 2094 369 2126 sa
390 2094 550 2133 dubitare,
578 2096 634 2127 che
657 2095 788 2127 Ranieri
816 2095 890 2127 suffe
919 2095 1159 2133 Governatore3
1189 2095 1226 2125 ed
1255 2094 1376 2126 essendo
1398 2095 1502 2133 questo
1532 2095 1711 2125 Strumento
1736 2092 1817 2123 farto

191 2135 244 2167 nel
270 2134 402 2173 Sanese,
423 2135 439 2166 ὲ
461 2136 499 2165 da
519 2135 682 2172 dubitare,
710 2136 767 2164 che
789 2134 919 2164 Ranieri
947 2132 1021 2161 fusse
1044 2134 1260 2163 Governatore
1282 2134 1312 2163 di
1342 2134 1450 2166 Siena.
1486 2133 1500 2164 Ι
1523 2135 1620 2164 Comi
1645 2135 1674 2164 di
1699 2131 1816 2171 dignita

192 2174 267 2207 sono
288 2175 318 2205 di
341 2175 398 2206 due
427 2174 522 2206 sorti:
552 2173 595 2213 gli
623 2174 677 2205 uni
707 2172 782 2205 sono
802 2173 834 2203 di
861 2170 982 2209 Luoghi
1003 2171 1132 2202 concessi
1160 2182 1214 2210 per
1243 2173 1439 2204 beneficenza
1459 2173 1506 2204 de'
1525 2174 1681 2210 principi,
1705 2183 1720 2202 e
1743 2182 1816 2211 que-

193 2214 227 2246 sti
251 2214 271 2245 fi
292 2215 450 2244 ritrovano
471 2213 540 2243 affai
564 2215 595 2244 in
618 2214 739 2244 antico.
769 2211 857 2243 Altri
881 2212 954 2241 sono
977 2211 1043 2241 nati
1064 2210 1145 2242 dalla
1175 2219 1336 2250 temenza,
1358 2212 1415 2243 che
1437 2212 1447 2242 i
1470 2212 1591 2249 Signori
1613 2213 1643 2243 di
1668 2212 1815 2242 Conrado

193 2264 332 2286 avevano
354 2253 435 2284 della
463 2261 595 2292 potenza
617 2252 698 2283 delle
719 2250 830 2291 Citta,
852 2251 909 2282 che
932 2251 954 2282 s'
966 2261 1060 2283 erano
1086 2249 1169 2290 poste
1200 2250 1230 2281 in
1259 2250 1402 2283 Liberta:
1432 2253 1535 2291 percio
1558 2253 1760 2284 introdulero
1781 2251 1813 2282 di

192 2304 324 2326 mettere
347 2293 429 2325 sotto
455 2292 486 2324 la
507 2293 689 2332 protezione
711 2292 783 2324 dell’
799 2292 996 2331 Imperadore
1019 2293 1090 2323 tutti
1116 2291 1126 2321 i
1156 2289 1223 2322 loro
1246 2291 1343 2330 Beni,
1365 2303 1454 2324 come
1476 2292 1576 2325 fecero
1599 2295 1606 2324 i
1631 2293 1730 2324 Coati
1754 2291 1814 2322 Al-

193 2335 270 2367 berti
287 2358 296 2374 ,
320 2333 470 2373 Famiglia
492 2334 592 2365 molto
613 2342 741 2374 potente
764 2333 796 2364 in
820 2331 983 2372 Toscana,
1003 2331 1059 2364 che
1088 2331 1109 2363 si
1139 2330 1239 2362 fecero
1260 2331 1429 2366 dichiarare
1451 2334 1522 2365 dall'
1541 2334 1734 2373 [mperadore
1760 2332 1816 2363 Fe-

191 2376 296 2416 derigo
318 2375 344 2406 Ι.
368 2375 486 2413 Comi,
516 2374 581 2406 cio&
611 2374 750 2414 perpetui
780 2373 992 2406 Governatori
1020 2373 1049 2405 di
1078 2372 1153 2404 tutti
1188 2373 1197 2403 i
1227 2372 1293 2403 loro
1323 2373 1422 2413 Beni3
1452 2374 1503 2406 nel
1525 2376 1594 2415 qual
1628 2373 1814 2411 Privilegio,

192 2416 248 2447 che
270 2417 285 2448 ἐ
307 2415 545 2448 nell’Arehivio
567 2415 597 2446 di
618 2415 738 2454 Malia,
765 2414 840 2446 sono
860 2414 954 2454 questi
979 2413 1096 2454 Luoghi
1123 2413 1294 2445 nominati.
1327 2414 1443 2453 Questa
1465 2414 1544 2447 sorte
1566 2417 1596 2447 di
1619 2414 1718 2446 Conti
1741 2414 1814 2443 sono

194 2457 223 2488 in
247 2467 318 2494 gran
341 2468 469 2489 numero
483 2480 493 2497 ,
516 2455 788 2496 particolarmente
809 2455 895 2487 nello
917 2455 1006 2486 Stato
1028 2453 1157 2492 Smese,
1178 2454 1234 2485 che
1257 2455 1273 2485 ὲ
1296 2455 1366 2486 aflai
1388 2457 1521 2496 grande.
1546 2456 1603 2487 Ma
1623 2454 1715 2495 quelli
1740 2462 1815 2496 ven-

192 2507 268 2527 nero
294 2498 363 2569 agai
387 2499 484 2535 tardi,
505 2508 523 2528 e
544 2497 575 2528 di
596 2496 690 2537 questi
721 2497 827 2529 avanti
857 2496 877 2528 l'
892 2495 1030 2536 Imperio
1049 2495 1080 2527 di
1104 2495 1251 2535 Federigo
1277 2495 1382 2527 Primo
1403 2497 1493 2528 credo
1513 2495 1569 2528 che
1598 2495 1628 2528 se
1656 2503 1694 2525 ne
1717 2501 1814 2524 trov1-

193 2547 234 2569 no
277 2540 345 2569 oci
391 2549 411 2570 ο
431 2538 576 2570 neliuno.

256 2548 345 2615 p(48)
359 2562 409 2609 ’De
430 2577 564 2610 Saneiari
585 2577 620 2607 de
640 2577 733 2610 Asia.
760 2578 867 2612 Credo
887 2576 946 2612 che
966 2578 998 2612 vi
1027 2576 1068 2611 fia
1088 2576 1218 2619 qualche
1246 2587 1347 2610 errore
1368 2576 1418 2609 del
1440 2575 1583 2618 Copista.
1613 2576 1651 2608 Io
1679 2584 1742 2607 non
1768 2573 1816 2605 ix-

197 2617 290 2650 tendo
311 2619 404 2658 quel,
424 2619 480 2652 che
501 2617 648 2658 vogliono
669 2618 751 2653 ἀπε.
