2201 3021
381 227 466 269 599
678 212 1091 269 ANTJQUJT.
1131 214 1368 253 ΜΕοιι
1404 210 1588 255 ΑΕΗ
1819 220 1905 255 σω

321 276 350 315 ζ,
376 270 452 319 gati
492 267 664 320 pigritare
705 270 747 306 ad
783 269 890 307 vestra
922 268 1088 317 obsequia
1126 272 1159 308 A
1198 297 1224 317 „
1251 270 1429 311 nenfium,
1455 269 1676 306 existentium
1698 280 1777 305 cum
1800 277 1879 305 toto
1900 268 1962 306 suo

324 346 350 365 5,
376 320 478 356 nullo
519 320 627 357 modo
661 321 852 362 volumus,
888 333 952 356 nec
988 320 1088 356 debe-

328 396 353 417 „
380 384 479 412 mus,
506 371 628 408 immo
646 371 796 409 studium
824 371 938 408 totius
962 370 1088 407 celeri-

325 448 351 466 „
378 422 490 463 tatis,
525 424 561 459 &
597 422 774 461 efficaciae
810 422 949 458 debitae
989 422 1088 457 volu-

328 499 352 518 „
379 486 456 510 mus
483 473 670 513 adhibere,
696 474 793 523 quod
822 486 883 520 per
909 472 1089 521 experien-

328 549 353 570 ‚,
379 524 468 561 tiam
496 524 545 561 rei
575 533 692 569 pater,
727 523 821 572 quod
849 531 889 558 ut
917 523 1089 559 succurra-

327 601 353 621 „
381 589 456 611 mus
499 575 619 615 vobis,
660 573 736 610 heri
777 587 797 610 a
833 572 977 613 Laude,
1018 584 1088 620 quo

328 651 353 672 ,‚
380 624 613 664 discessimus,
654 637 725 659 non
767 623 934 673 inspeeiis
971 623 1088 658 labore

327 702 352 722 9,
378 676 413 710 &
442 675 598 723 periculo
616 699 628 715 ,
664 674 825 711 Brixiam
853 673 1014 710 venimus
1041 671 1089 708 fe-

325 753 351 773 „
378 725 563 764 stinantes,
590 726 623 761 ὃ(
651 725 745 774 quod
781 725 884 762 illico
920 723 1089 763 fecimus,
1126 731 1152 765 Β

327 803 353 823 sa
380 790 460 813 ecce
502 775 602 812 vobis
655 776 890 826 praesentibus
937 775 1089 811 declara-

325 853 351 873 „
379 840 481 864 mus.
518 827 660 864 Milites
702 840 824 863 omnes
861 825 1010 862 forenses
1046 824 1087 861 ad

325 904 352 924 ‚,
379 878 577 915 Civitatem
630 879 877 928 compellimus
923 874 1089 913 citiffime

326 956 353 975 „
382 929 415 966 se
442 928 647 970 transferre,
674 931 708 965 &
736 929 947 965 advocamus
975 928 1087 975 Popu-

326 1007 353 1026 ‚,
379 981 453 1016 lum
491 979 719 1021 universum,
752 981 787 1016 &
825 978 971 1028 plaustra
1011 978 1089 1026 qui—

327 1057 353 1076 „
382 1031 535 1067 buslibet
562 1029 757 1067 neceffariis
794 1030 942 1066 facimus
969 1042 1087 1065 onera-

326 1107 353 1125 „
380 1081 433 1120 ri,
461 1091 502 1116 ut
528 1081 629 1116 vobis
657 1091 779 1130 potens
800 1079 974 1117 auxilium
995 1092 1088 1127 prae-

327 1156 353 1175 „
380 1131 542 1167 beamus.
572 1130 707 1179 Igitur,
744 1130 866 1167 fratres
893 1128 1061 1165 cariffimi
1077 1154 1089 1170 ‚

327 1207 354 1227 ‚‚
380 1181 541 1230 vigorem
567 1181 602 1217 δε
629 1181 788 1218 animum
819 1179 982 1217 assumite
1009 1192 1089 1215 con·
1126 1181 1159 1218 C

326 1258 355 1277 „
381 1231 540 1274 suetum,
565 1233 601 1268 &
627 1232 669 1269 de
693 1232 801 1269 vestra
827 1231 981 1280 quilibet
1009 1243 1088 1266 cum

327 1309 355 1328 „
382 1283 537 1332 generali
563 1283 720 1320 exercitu
750 1281 962 1332 egredimini
989 1281 1091 1318 Civi-

323 1358 356 1378 ,‚
382 1342 478 1373 tate,
514 1333 608 1369 diem
635 1335 782 1383 egi-effus
810 1333 913 1370 nobis
949 1346 1009 1381 per
1035 1345 1091 1368 ve-

328 1407 356 1428 „
383 1382 463 1418 stras
489 1383 630 1419 Literas
666 1384 866 1424 narraturi,
903 1383 986 1430 quia
1024 1396 1090 1418 una

327 1458 354 1478 ,‚
381 1432 439 1468 die
466 1432 648 1470 vobiscum
677 1446 818 1469 movere
844 1433 1030 1471 volumus,
1057 1434 1088 1466 ἃ

328 1508 355 1528 ,,
382 1491 505 1519 contra
542 1483 760 1532 pestilentem
802 1485 1010 1528 Tyrannum
1048 1481 1092 1517 fic

329 1557 355 1578 ,‚
383 1532 518 1569 sumere
553 1542 715 1579 potenter
751 1546 846 1569 arma
873 1534 907 1567 &
937 1532 1092 1571 scutum,

330 1608 356 1627 3,
384 1583 479 1630 quod
515 1582 580 1619 nisi
617 1582 793 1631 aufugerit
821 1583 862 1617 de
898 1582 974 1630 ipso
1002 1595 1094 1617 αππι-Δ

329 1658 354 1679 ‚,
383 1633 483 1680 pestri
512 1634 635 1676 bello,
662 1633 913 1682 triumphalem
942 1631 1095 1681 gloriam
1132 1632 1164 1665 D

330 1709 358 1729 ‚‚
384 1684 574 1721 habeamus
596 1710 608 1722 0
649 1684 773 1720 Parate
795 1709 807 1725 ‚
848 1693 968 1732 parate
1008 1696 1094 1723 vos,

332 1761 359 1780 ς,
385 1735 470 1784 quia
498 1735 611 1784 parati
647 1735 763 1772 sumus
799 1748 885 1775 nos,
911 1735 947 1770 δι
974 1732 997 1769 fi
1024 1747 1095 1770 non

333 1812 358 1831 3,
386 1785 499 1823 adhuc
519 1786 683 1828 effemus,
713 1787 878 1822 voluntas
899 1787 1096 1821 {accurren-

334 1862 360 1880 „
386 1837 424 1873 di
450 1837 552 1875 vobis
580 1851 643 1874 nos
670 1837 785 1875 reddit
812 1835 968 1874 maxime
1000 1849 1096 1885 prae-

338 1912 362 1932 „
391 1896 551 1936 paratos.

340 1988 527 2025 Venerabili
554 1994 654 2027 Patri
680 1991 716 2027 ’ΞΤ
744 1994 880 2028 Domino
897 1990 955 2039 fito
972 1987 1100 2037 specia-

390 2041 415 2074 li
458 2045 577 2075 Damno
624 2045 661 2077 Ο.
706 2045 838 2077 Ξίιηέἷιῐθ
884 2044 1022 2076 Mariae
1065 2043 1100 2075 in

389 2091 526 2126 Vialata
553 2091 693 2126 Diacono
718 2093 912 2130 Cardimli,
939 2090 975 2123 ds
1001 2093 1101 2133 incly·
1136 2084 1164 2117 Ε

387 2149 421 2176 to
447 2143 568 2176 Comici
597 2143 781 2188 Veronensi,
808 2151 905 2185 atque
925 2141 1099 2186 Potestati,

388 2189 424 2226 θ’
451 2193 582 2238 Consilio
611 2192 770 2226 Mantuae
786 2215 796 2231 ,
820 2188 995 2237 fratribus
1021 2191 1100 2224 dili-

381 2239 519 2289 gendis,
548 2240 709 2287 siffiffinws
727 2260 738 2282 9
776 2240 822 2279 ἐφ’
860 2242 947 2275 νηοιίὺ
972 2240 1100 2275 Vicarii

385 2291 559 2340 potestati&
585 2291 729 2327 BJf-ixiae
755 2291 791 2327 ob
814 2287 992 2335 almaniam
1012 2289 1101 2336 ejus,

386 2340 423 2377 ἔθ’
448 2354 535 2378 totus
560 2345 694 2387 Populus
716 2343 918 2390 Brixienfis,
936 2341 1100 2390 flantem,

385 2392 423 2429 ἰδ’
448 2394 547 2430 velox
561 2395 705 2441 studium
730 2396 775 2430 ad
793 2395 931 2440 petita,

334 2504 361 2543 ζ,
489 2490 555 2545 Uis
591 2492 631 2533 {lt
667 2492 792 2537 slatus,
828 2494 938 2544 quim
977 2492 1100 2531 arduus

338 2571 360 2589 η
514 2547 659 2586 fratrum
688 2548 881 2585 nostzorum
922 2546 1101 2584 Itslcdielae
1126 2579 1132 2587 ,

1201 348 1226 368 ,‚
1252 320 1411 358 exforcio
1438 322 1528 370 apud
1567 321 1748 360 Laudem,
1784 333 1856 368 quo
1892 320 1964 356 itu-

1200 399 1224 418 „
1249 385 1307 408 rus
1327 372 1480 409 hesterna
1495 373 1552 408 die
1573 371 1688 408 movit
1712 371 1862 407 Potestas
1883 371 1961 407 Bri-

1199 450 1223 469 „
1250 422 1330 459 xiae
1358 435 1438 459 cum
1473 423 1607 459 militia
1635 422 1745 458 nostra
1773 431 1870 462 tota,
1909 423 1962 458 ul-

1198 502 1222 520 „
1250 474 1358 510 terius
1394 487 1465 508 non
1493 473 1658 509 duximus
1685 472 1929 520 exponendum
1947 497 1959 512 ,

1198 551 1222 570 „
1249 524 1334 572 quia
1361 523 1443 559 satis
1471 523 1745 560 animadvertere
1774 523 1960 573 providen-

1197 601 1221 620 „
1248 576 1301 610 tia
1328 573 1433 609 vestra
1461 573 1592 622 potest.
1630 574 1694 609 Sed
1729 574 1771 609 ad
1809 573 1960 621 proposi-

1198 651 1222 669 „
1250 633 1327 660 tum
1354 624 1597 660 descendentes
1614 649 1626 665 ,
1663 638 1725 660 vos
1761 623 1960 660 instantiffi-

1198 702 1222 720 ‚,
1250 687 1306 710 me
1340 675 1592 723 deprecamur,
1630 676 1795 722 quatinus
1836 673 1858 709 fi
1888 687 1962 710 um-

1199 753 1223 771 „
1249 737 1353 772 quam
1382 739 1401 761 a
1429 725 1532 761 nobis
1569 725 1705 773 aliquid
1746 724 1961 772 acceptabile

1199 775 1438 822 „intenditis
1478 775 1674 823 postulare,
1718 776 1773 810 vel
1814 775 1962 810 vestrum

1198 853 1222 872 „
1250 827 1412 875 juvamen
1442 827 1517 862 ullo
1543 836 1722 875 tempore,
1749 824 1962 872 qualiscum-

1199 905 1222 922 ,‚
1250 891 1318 925 que
1343 877 1447 925 poffit
1475 877 1663 913 imminere
1684 874 1886 915 neceffitas,
1908 875 1966 911 da-

1198 955 1222 974 „
1251 942 1287 964 re
1313 928 1437 968 nobis,
1467 927 1637 964 militiam
1661 925 1802 962 vestram
1828 934 1967 966 totam,

1199 1007 1222 1024 ‚,
1249 979 1284 1014 δε
1321 978 1545 1019 Balsslarios,
1586 977 1824 1026 quoscumque
1860 976 1963 1012 habe-

1200 1056 1223 1075 ‚⁷
1250 1029 1320 1068 tis,
1349 1029 1470 1065 velitis
1495 1028 1534 1065 &
1556 1028 1711 1064 debeatis
1739 1026 1966 1063 incontinen-

1200 1106 1223 1125 „
1251 1079 1284 1115 ti
1311 1080 1470 1115 Laudam
1507 1080 1546 1115 in
1583 1078 1778 1115 succursum
1816 1077 1963 1113 fratrum

1201 1157 1225 1176 ‚‚
1251 1128 1445 1165 nostrorum
1475 1128 1791 1166 Mediolanenfium
1809 1151 1821 1168 ‚
1848 1128 1963 1163 immo

1200 1208 1226 1226 „
1254 1179 1470 1220 vestrorum,
1512 1179 1612 1216 cursu
1655 1179 1760 1216 celeri
1796 1178 1964 1214 destinate

1202 1258 1226 1276 ‚,
1254 1231 1295 1266 ad
1327 1231 1594 1280 populationem
1622 1228 1797 1266 territorii
1817 1228 1968 1264 Cremo-

1202 1308 1226 1326 „
1253 1281 1364 1316 neniis
1390 1294 1470 1317 cum
1499 1280 1569 1317 alia
1606 1290 1710 1330 gente
1738 1279 1872 1318 vestra,
1911 1279 1966 1314 ni-

1202 1360 1226 1377 „
1253 1331 1449 1367 hilorninus
1494 1344 1573 1367 cum
1621 1329 1768 1379 navigio
1816 1329 1925 1364 vestro
1951 1353 1963 1370 ,

1202 1410 1225 1427 ‚,
1253 1383 1360 1428 quam
1382 1383 1536 1417 velocius
1565 1381 1748 1429 poteritis,
1775 1379 1962 1415 acceffuri.

1201 1459 1225 1476 ‚,
1254 1432 1311 1466 Ad
1339 1431 1423 1466 haec
1449 1432 1614 1466 instanter
1641 1428 1881 1465 dominationi
1902 1442 1960 1464 ve-

1202 1510 1225 1527 „
1253 1481 1335 1518 strae
1376 1481 1612 1529 requirimus,
1652 1489 1691 1516 ut
1728 1492 1808 1516 cum
1850 1480 1963 1516 latore

1202 1560 1226 1577 ,‚
1254 1531 1486 1581 praesentium
1508 1533 1586 1568 viro
1613 1531 1760 1580 provido
1780 1529 1818 1567 ἅ
1839 1530 1966 1566 discre-

1202 1610 1226 1628 „
1253 1592 1314 1623 to,
1333 1583 1465 1619 dile&
1487 1583 1578 1619 Cive
1599 1582 1734 1626 nostro,
1756 1594 1858 1628 quem
1882 1583 1964 1617 Fer-

1203 1659 1227 1678 „
1254 1633 1381 1668 rariam
1420 1635 1454 1669 &
1493 1633 1691 1669 Bononiam
1729 1632 1969 1672 destinamus,

1203 1709 1229 1728 „
1255 1691 1295 1718 ut
1331 1682 1475 1718 inducat
1513 1683 1767 1722 Ferrarienses,
1803 1683 1897 1729 quod
1923 1682 1967 1718 ad

1205 1761 1229 1778 „
1256 1732 1550 1782 deguastationem
1564 1732 1739 1768 territorii
1750 1734 1968 1767 Cremonen-

1205 1811 1229 1829 „
1257 1783 1297 1820 fis
1325 1783 1512 1827 accedant,
1550 1782 1732 1818 vobiscum
1763 1781 1894 1830 pariter
1919 1780 1969 1816 fa-

1207 1862 1231 1880 „
1258 1835 1419 1871 ciendam
1436 1858 1445 1873 ‚
1473 1834 1511 1870 &
1534 1830 1792 1873 Bononienses‚
1820 1841 1858 1867 ut
1879 1833 1972 1868 Gua-

1207 1913 1232 1931 „
1258 1885 1416 1925 stallam,
1454 1886 1510 1921 vel
1540 1887 1632 1920 circa
1661 1892 1773 1933 partes
1808 1882 1889 1919 illas
1917 1896 1977 1918 ve-

1207 1964 1232 1983 „
1258 1946 1361 1973 mant
1403 1944 1648 1972 incontinenti
1693 1947 1772 1970 cum
1815 1943 1973 1976 exercitu

1209 2015 1233 2033 ,‚
1260 1987 1438 2037 generali,
1480 1986 1639 2033 aliquem
1683 1984 1871 2021 discretum
1909 1984 1976 2019 Vi·-

1208 2066 1233 2083 „
1259 2050 1360 2078 rum,
1402 2038 1464 2085 qui
1505 2049 1549 2072 ex
1592 2043 1688 2085 parte
1729 2034 1836 2071 vestra
1875 2034 1972 2075 idem

1210 2115 1233 2131 ,‚
1262 2097 1379 2133 petat,
1418 2088 1473 2122 vel
1511 2095 1670 2132 precetur
1695 2086 1838 2123 mittere
1875 2097 1973 2135 prae-

1213 2163 1237 2182 „
1265 2134 1467 2173 sentialiter
1492 2134 1671 2182 debeatis‚

1841 2599 1923 2634 Βεέ-
