2201 3021
255 212 341 268 147⁷
475 211 866 254 DISSERTATIO
895 210 1560 266 ,QUADRAGESIMANONA.
1686 222 1773 276 ᾖε

199 291 222 310 n
248 263 418 307 cationes
431 271 494 307 Sed
522 269 544 305 si
580 267 708 315 aliquis
738 267 958 304 Ferrarienlis
998 272 1031 305 A
1079 293 1099 308 ,‚
1127 268 1268 304 Arbitri
1306 269 1482 318 eligantur
1516 274 1561 308 ab
1596 282 1740 325 utraque
1771 279 1834 315 Ci-

200 343 221 360 „
248 320 294 356 est
328 321 503 369 obligatus
538 318 644 354 alicui
683 317 876 369 Mutinensi
914 333 956 355 ex

199 394 220 411 „
248 381 373 407 mutuo
408 371 464 406 vel
490 380 533 403 ex
569 368 799 414 venditione,
827 370 883 405 vel
913 383 955 406 ex

199 445 220 462 „
247 422 404 469 qualibet
441 417 511 454 alia
551 417 797 467 obligatione,
841 434 955 468 proce-

198 496 219 512 „
246 472 348 514 dente
373 483 415 505 ex
441 468 624 506 contraStu
649 471 706 506 vel
731 470 848 519 quali,
876 481 956 509 ante

197 546 218 566 ,ἔ
245 523 407 558 ultimum
433 519 624 557 introitum
646 521 781 570 Carpi,
804 523 838 558 &
864 523 955 559 illud

194 571 399 614 „debitum
427 570 497 607 fuit
523 572 760 608 intromissum
792 587 853 623 pro
881 576 954 609 Do-

194 646 214 661 „
240 620 340 657 mino
367 622 587 671 Salinguerra
618 625 671 659 vel
699 626 859 660 Domino
887 626 954 661 Al-

191 696 214 712 „
241 671 402 716 bertino,
435 675 492 709 vel
527 686 646 709 eorum
686 674 887 718 occasione,
914 675 953 712 &

192 746 214 763 ,‚
240 721 330 759 illud
358 723 516 760 debitum
545 738 616 760 non
644 723 713 760 fuit
741 725 903 761 exasstum
935 740 953 761 a

191 796 212 814 2,
239 772 418 816 debitore,
447 789 509 812 nec
536 776 574 812 in
603 774 888 823 compensatione
916 775 954 811 fi-

190 848 213 864 „
241 824 277 861 bi
314 826 525 871 deductum,
553 826 590 865 &
629 827 805 864 Dominus
842 825 954 863 Salin-

193 900 215 915 υ
241 889 363 925 guerra
409 877 532 915 fecerit
582 879 671 915 illud
717 877 924 914 distromitti
943 905 954 922 ,

191 950 213 967 ‚2
240 927 368 964 deind-e
389 930 532 966 Arbitri
559 929 601 966 de
626 929 781 966 Ferraria
805 929 861 964 vel
888 930 953 964 Po-

189 1001 212 1018 „
238 978 338 1015 testas
361 988 521 1017 teneatur
541 980 653 1017 facere
674 980 846 1017 rationem
872 981 954 1015 Mu-

190 1052 211 1068 „
237 1029 362 1066 tinenfi
386 1030 572 1070 Creditori
599 1032 641 1067 de
668 1030 872 1068 Ferrariensl
897 1031 954 1066 de-

188 1103 210 1120 „
239 1079 374 1117 bitore.
397 1082 486 1118 Item
508 1083 530 1118 fi
555 1083 730 1119 Dominus
757 1082 953 1129 Salinguer-

188 1154 210 1171 η
229 1144 275 1168 ra
300 1132 355 1168 vel
387 1134 564 1171 Dominus
592 1135 799 1171 Albertinus
825 1133 952 1169 habue-

186 1206 206 1221 ‚‚
232 1181 308 1218 rint
334 1183 470 1232 aliquid
507 1186 550 1221 ab
588 1185 710 1233 aliquo
747 1184 951 1221 Ferrarienfi

186 1256 207 1272 υ
235 1232 397 1284 debitore
416 1235 565 1284 alicujus
579 1236 790 1272 Mutinensis
808 1250 852 1272 ex
869 1248 952 1271 con-

186 1307 209 1330 „
237 1283 353 1320 traau
374 1286 430 1320 vel
458 1285 574 1332 quasi,
600 1288 634 1322 &
659 1287 700 1322 de
729 1286 868 1333 propria
892 1300 952 1321 vo-

188 1358 207 1373 „
234 1334 372 1370 luntate
392 1336 607 1373 restituerint
628 1337 725 1373 diesto
745 1336 950 1373 Ferrarienfi

188 1409 208 1424 „
234 1383 388 1420 debitori
425 1386 660 1426 Mutinenfis‚
699 1388 852 1422 creditor
892 1387 951 1422 ha-

188 1459 208 1474 „
235 1434 315 1477 beat
343 1434 516 1472 rationem
545 1437 588 1472 de
614 1437 712 1471 ‹15610
743 1434 949 1471 Ferrarienfi

187 1510 206 1525 .,
234 1483 298 1520 suo
320 1485 499 1522 debitore.
522 1486 611 1522 Item
641 1486 720 1522 sunt
743 1485 780 1521 in
807 1498 950 1521 concor—

185 1561 205 1576 „
232 1535 312 1580 dia,
342 1537 436 1582 quod
475 1536 692 1586 pofl'effiones
729 1535 767 1573 ὃ(
799 1535 949 1572 invasio-

183 1612 203 1627 „
230 1599 310 1626 nes,-
335 1588 369 1622 &
395 1587 687 1630 inframiffiones,
711 1589 744 1623 &
770 1586 947 1623 fruetuum

184 1663 203 1678 ‚,
231 1637 517 1682 aestimationes,
556 1650 661 1687 prout
698 1638 868 1684 scriptum
904 1637 949 1671 est

184 1714 204 1729 ι,
232 1702 291 1737 per
320 1691 462 1725 Petrum
491 1690 596 1724 Fabri
624 1689 815 1724 Notarium
839 1689 948 1721 Com-

183 1763 202 1778 „
231 1739 348 1773 munis
374 1739 563 1780 Mutinae,
591 1739 625 1772 &
655 1751 713 1783 per
740 1736 947 1783 Magistrum

187 1812 206 1827 ⁷,
237 1789 377 1823 Petrum
409 1787 600 1823 Notarium
626 1787 668 1822 de
694 1786 870 1824 Ferraria„
898 1800 948 1822 re-

186 1862 209 1878 „
234 1837 422 1874 stituantur
463 1837 734 1874 Ferrarienfibus
775 1837 945 1873 Civitatis

184 1913 204 1928 ‚‚
231 1889 289 1924 vel
316 1888 512 1932 distrffius,
540 1888 608 1924 five
636 1902 698 1937 pro
726 1887 947 1927 Communi,

184 1963 204 1975 ,,
232 1938 300 1974 five
329 1953 390 1987 pro
426 1941 521 1982 alio,
549 1939 611 1987 qni
646 1939 686 1974 sit
712 1939 755 1975 de
790 1938 945 1974 distristu

189 2014 206 2029 2,
235 1989 422 2026 Mutinae.
450 1992 498 2026 Et
525 1991 619 2038 quod
647 1990 752 2026 fuerit
790 1991 944 2025 ablatum

182 2064 204 2080 ,‚
232 2042 288 2076 vel
314 2040 575 2080 intromissum,
603 2043 803 2076 Commune
833 2039 946 2076 Muti-

182 2114 204 2130 „
232 2104 296 2126 nae
332 2092 507 2127 restituere
545 2092 691 2133 debeat,
721 2092 775 2125 vel
813 2091 944 2126 restitui

179 2165 210 2180 ⁴„⁴
233 2140 364 2178 faciat..
397 2142 445 2176 Et
472 2141 537 2176 hoc
575 2140 787 2183 Capitulum
827 2143 944 2176 locum

187 2216 207 2230 „
235 2192 361 2227 habeat
386 2206 405 2227 a
432 2202 586 2240 tempore
613 2193 701 2232 1110,
729 2204 800 2238 quo
832 2191 943 2227 Muzi-

187 2266 207 2281 2,
234 2242 352 2277 nenses
379 2242 600 2278 intraverunt
627 2245 778 2288 Carpum
817 2243 945 2278 :altimo

188 2318 207 2333 ‚,
235 2293 337 2329 loco.
377 2294 429 2327 De
466 2292 546 2328 aliis
582 2304 697 2328 autem
739 2292 946 2338 poffffffiovni-

189 2345 299 2383 „bus
328 2352 409 2378 ante
436 2342 622 2378 introitum
663 2343 773 2390 Carpi
801 2343 899 2379 fueris
929 2358 946 2379 a

189 2419 208 2435 ς,
236 2392 437 2430 Communi·
478 2394 532 2428 vel
573 2396 615 2428 ab
652 2394 731 2428 aliis
774 2396 946 2434 ner-tonis,

188 2470 207 2485 ,‚
236 2443 375 2481 cix-ibus
401 2445 599 2487 Ferrariae,
623 2444 677 2478 vel
705 2443 946 2488 communis,

188 2518 213 2535 ι,
240 2496 367 2531 ablatis
405 2497 459 2530 vel
495 2495 624 2530 introm
646 2493 722 2535 ffis,
751 2495 834 2541 juris
862 2498 946 2532 crdo

188 2569 211 2588 ῃ
237 2546 411 2583 servetur.
434 2547 524 2583 Item
551 2547 736 2591 volumus,
759 2547 853 2595 quod
878 2547 945 2584 duo

1077 343 1096 358 „
1124 319 1263 362 vitate,
1300 320 1362 367 qui
1404 321 1615 369 cognoscant
1655 327 1696 362 de
1731 342 1834 377 quae-

1073 395 1095 409 „
1120 368 1289 406 stionibus
1326 372 1611 418 emergentibus,
1648 377 1701 410 vel
1746 391 1837 426 quae

1074 446 1093 460 ‚,
1121 422 1357 458 movebuntur
1399 422 1493 458 inter
1535 424 1754 461 Mutinenses
1794 428 1833 468 ὅ(

1073 496 1092 511 ,,
1120 472 1375 517 Ferrariensts,
1402 473 1471 509 five
1507 473 1604 510 inter
1635 475 1834 515 Commune

1073 547 1094 562 „
1119 524 1299 571 utriusque
1316 523 1514 570 Civitatis,
1530 523 1598 560 five
1618 525 1713 562 inter
1728 528 1837 563 Com-

1075 598 1095 613 „
1121 587 1226 611 mune
1249 574 1288 611 &
1313 574 1517 623 singularem
1544 576 1725 625 personam
1751 579 1836 615 Mu-

1073 649 1093 664 „
1120 625 1217 661 tinae
1258 627 1313 661 vel
1353 627 1549 663 Ferrariae.
1591 627 1667 673 Qui
1707 627 1835 666 arbitri

1073 699 1092 714 η
1119 676 1267 712 debeant
1294 675 1448 713 d.ffinire
1472 677 1688 726 quaestiones
1715 680 1749 715 &
1778 693 1837 716 co-

1071 749 1092 765 „
1118 726 1282 774 gnoscere
1318 727 1505 764 secundum
1542 728 1596 775 jus
1623 730 1656 763 8<
1685 728 1838 769 formam

1070 801 1090 816 ,‚
1117 775 1211 823 prius
1239 776 1355 811 datam
1378 775 1448 812 eis.
1475 779 1523 812 Et
1552 778 1740 817 Potestates
1766 794 1837 818 am-

1069 852 1089 867 „
1118 827 1236 863 barum
1267 826 1469 864 Civitatum
1506 836 1691 866 teneantur
1718 831 1836 870 firma-

1068 903 1089 919 „
1114 892 1152 914 re
1189 877 1412 914 concordiam
1450 880 1483 914 8<
1522 879 1664 928 pastum
1702 881 1836 920 faffium

1068 929 1212 969 „inter
1245 928 1426 965 Mutinam
1465 931 1499 966 &
1540 931 1763 974 Ferrariam,
1799 936 1836 971 δε

1068 1005 1088 1019 ,,
1115 979 1228 1017 facere
1264 980 1377 1029 jurare
1415 981 1497 1018 aliis
1536 982 1606 1018 suis
1636 983 1837 1022 successori-

1067 1056 1087 1070 „
1115 1031 1200 1075 bus,
1227 1033 1262 1067 δι
1292 1031 1375 1079 poni
1413 1032 1450 1068 in
1480 1035 1622 1070 Statuto
1652 1035 1837 1085 utriusque

1067 1107 1087 1121 υ
1113 1082 1308 1119 Civitatis.
1336 1085 1383 1118 Et
1410 1085 1526 1121 nullus
1555 1085 1597 1121 fit
1618 1087 1769 1125 Potestas
1797 1101 1840 1123 u-

1068 1158 1087 1172 „
1113 1133 1293 1180 tritisque,
1313 1133 1379 1169 nifi
1405 1133 1472 1170 hoc
1498 1135 1749 1171 sacramentum
1781 1136 1835 1184 ju-

1067 1208 1085 1223 „
1112 1184 1265 1219 raverit.
1302 1182 1393 1218 Item
1433 1185 1584 1221 Potestas
1620 1187 1675 1222 vel
1704 1186 1838 1224 Restm·

1066 1259 1086 1273 2,
1114 1233 1291 1270 Civitatis
1327 1233 1521 1277 Mutinae,
1549 1236 1611 1285 qui
1638 1250 1731 1273 nunc
1758 1238 1837 1284 est‚'

1068 1307 1088 1321 n
1114 1286 1170 1320 vel
1198 1285 1267 1321 erit
1303 1298 1364 1333 per
1391 1294 1550 1334 tempora
1569 1312 1579 1327 ‚
1607 1287 1698 1335 juret
1735 1301 1835 1324 man-

1068 1360 1087 1374 „
1114 1336 1195 1372 dare
1231 1336 1420 1372 sententias
1455 1337 1524 1372 five
1565 1338 1739 1380 arbitria,
1775 1339 1835 1374 da·-

1067 1410 1085 1423 ‚2
1113 1395 1166 1421 tas
1203 1387 1259 1419 vel
1295 1387 1376 1419 data
1412 1399 1472 1430 per
1501 1386 1667 1421 Arbitros
1700 1387 1833 1424 eleetos

1066 1458 1084 1470 „
1112 1447 1131 1468 a
1168 1433 1324 1468 Ferraria
1360 1433 1398 1468 in
1435 1434 1580 1471 Mutina
1618 1449 1682 1483 pro
1718 1435 1835 1479 Com-

1066 1508 1084 1522 „
1113 1483 1211 1519 muni
1246 1483 1445 1528 ferrariae,
1463 1486 1529 1533 ¹vel
1567 1499 1626 1532 per
1656 1486 1746 1522 alios
1773 1491 1834 1531 Ju-

1066 1558 1085 1571 ‚‚
1102 1535 1206 1568 >dices
1229 1534 1322 1568 inter
1344 1534 1535 1570 Ferrariam
1562 1538 1595 1570 &
1622 1538 1832 1579 Mutinam,

1065 1607 1083 1621 ‚‚
1112 1584 1166 1617 vel
1187 1583 1282 1618 inter
1300 1597 1409 1618 unum
1430 1583 1633 1620 Commune
1653 1587 1686 1620 ἃ
1709 1588 1834 1633 aliud,

1067 1658 1086 1671 ‚,
1114 1633 1169 1667 vel
1209 1632 1303 1668 inter
1351 1633 1537 1682 singulares
1580 1637 1739 1683 personas
1786 1639 1831 1676 de

1065 1708 1083 1722 ‚,
1112 1683 1268 1719 Ferraria
1313 1683 1346 1718 8<
1388 1686 1591 1721 Commune
1630 1686 1827 1735 Mutinae,

1067 1760 1086 1772 ,,
1113 1733 1360 1782 exsequutioni
1388 1734 1479 1771 infra
1506 1736 1622 1774 decem
1653 1738 1725 1774 dies
1755 1740 1830 1788 post

1066 1810 1084 1824 ,‚
1113 1786 1220 1834 latam
1251 1784 1457 1822 sententiam
1489 1801 1547 1831 per
1573 1802 1626 1824 res
1653 1790 1688 1824 δί
1716 1789 1827 1827 facul-

1064 1861 1083 1875 „
1111 1845 1200 1871 tates
1240 1836 1436 1886 debitoris;
1478 1839 1536 1873 vel
1580 1839 1746 1876 mittatur
1786 1842 1828 1878 in

1063 1912 1083 1925 „
1112 1887 1286 1929 bannum,
1310 1886 1331 1921 fi
1359 1889 1530 1934 placuerit
1549 1888 1759 1934 creditori,
1785 1891 1829 1928 de

1064 1963 1082 1976 ,‚
1110 1951 1180 1985 quo
1209 1951 1277 1973 non
1316 1938 1519 1974 extrahatur
1552 1938 1620 1976 fine
1648 1941 1721 1988 ejus
1753 1954 1828 1985 per-

1063 2014 1081 2027 „
1110 1989 1209 2024 miffu
1227 2015 1237 2032 ‚
1259 1990 1313 2024 vel
1341 1989 1403 2024 nisi
1430 1992 1525 2037 prius
1547 1990 1587 2026 fit
1609 1991 1826 2030 satisfagkum

1062 2064 1080 2078 ,‚
1108 2039 1169 2084 ipsi
1197 2038 1401 2075 Creditori.
1432 2042 1479 2076 Et
1515 2040 1598 2076 haec
1629 2041 1827 2090 sup-radista

1061 2114 1080 2128 ,‚
1108 2090 1309 2136 juraverunt
1345 2090 1402 2125 illi
1440 2091 1482 2126 de
1508 2091 1668 2128 Confilio
1709 2092 1828 2130 Muti-

1061 2166 1080 2180 „
1108 2153 1192 2179 nae,
1220 2139 1255 2176 ἃ
1290 2140 1465 2184 Potestas,
1493 2140 1532 2177 ἃ,
1560 2142 1617 2178 illi
1645 2142 1686 2178 de
1713 2145 1826 2183 Curia

1061 2217 1078 2230 ‚,
1106 2191 1340 2231 Communis,
1373 2193 1407 2226 8<
1449 2192 1580 2227 dietam
1626 2205 1742 2239 pacem
1787 2197 1824 2231 ὅ(

1061 2268 1079 2280 ‚,
1108 2241 1330 2277 concordiam
1349 2240 1550 2286 observare,
1568 2241 1711 2278 nomina
1733 2256 1823 2291 quo*

1059 2317 1078 2331 7,
1105 2305 1180 2326 rum
1212 2291 1289 2326 sunt
1316 2293 1420 2326 haec:

1110 2368 1128 2379 2,
1158 2342 1280 2377 Primo
1319 2340 1493 2378 Dominus
1531 2345 1743 2381 Rambertus
1780 2346 1823 2384 de

1058 2419 1077 2432 „
1105 2394 1297 2428 Ramberto
1324 2394 1488 2428 Mutinae
1517 2395 1688 2436 Potestas,
1718 2406 1823 2444 prout

1058 2469 1077 2483 ‚,
1107 2443 1241 2478 diat-rm
1272 2442 1335 2484 est,
1372 2445 1544 2480 Dominus
1583 2447 1754 2482 Girardus
1781 2449 1827 2484 de

1059 2520 1079 2533 ,‚
1107 2494 1267 2534 Oriono,
1299 2494 1470 2530 Dominus
1503 2495 1587 2544 Ugo
1616 2499 1656 2533 de
1689 2500 1825 2534 Gorza-

1064 2570 1084 2586 ,,
1111 2557 1181 2590 no,
1210 2544 1385 2582 Dominus
1412 2546 1586 2591 johannes
1612 2548 1653 2584 de
1678 2550 1828 2589 Nouan-

1614 2622 1634 2638 ‚‚
1662 2601 1774 2649 ruia,
