2201 3021
292 170 310 210 5
447 153 834 196 DISSERTATIO
865 151 1629 214 „QUADRAGESIMASEPTJMA.
1760 162 1786 196 6

233 214 474 262 opportunitas
510 210 633 246 suasit.
676 212 800 256 Neque
838 207 984 244 sortaffis
1020 211 1055 244 A
1092 205 1146 241 sae
1169 206 1315 242 Tusciae
1341 206 1399 241 diu
1426 206 1536 254 postea
1559 209 1750 255 imperaffe.
1777 214 1844 248 At<

233 275 252 298 a
292 265 434 298 veritate
469 261 573 308 longe
608 261 736 297 abibo,
773 258 796 293 fi
836 259 984 302 dixero,

234 309 505 348 Mediolanenses
523 336 534 354 ,
571 311 631 355 qui
664 311 785 344 ceteris
815 309 983 345 Lombar-

233 362 280 398 dis
309 370 384 396 tum
410 362 549 396 Civium
576 372 740 402 numero,
777 368 850 395 tum
878 371 982 405 opum

233 410 327 458 copi-<⁴1
355 409 586 458 praestabant,
623 422 694 445 non
722 409 831 444 foliam
858 411 983 457 primos

232 463 265 495 in
300 461 513 496 Libertatem
551 459 583 495 se
619 459 651 495 se
684 459 891 499 vindicasse,
928 458 983 494 sed

232 513 332 545 etiam
376 509 600 558 recuperandi
646 510 775 554 pristini
814 511 983 545 territorii

232 560 427 606 exemplum
455 561 593 607 reliquis
622 559 778 595 Urbibus
814 559 984 607 praebuis—

232 609 288 645 se.
315 612 426 645 Erant
453 614 579 646 circum
608 610 737 645 Urbem
764 611 903 644 Comites
930 614 983 644 Se-

225 661 317 704 prii‚
344 659 595 703 liqut-theseum,
624 662 806 705 Burgariae
822 685 829 697 ‚
857 661 984 707 aliique
1008 644 1067 728 iss'

231 723 301 745 non
339 713 436 758 pauci
463 710 690 746 castellorum
720 720 780 746 aut
811 712 983 759 Pagorum
1009 729 1013 737 ·

230 760 383 795 domini.
410 760 569 797 Cunetos
597 770 656 797 aut
682 763 833 800 evertit‚·
857 769 917 796 aut
944 759 983 795 si-

232 811 266 846 bi
294 810 477 859 veS‘tigales
509 812 648 853 effecit,
684 822 745 847 aut
780 815 812 847 in
841 813 983 846 cliente-

231 861 299 896 lam
341 864 477 908 recepit
512 861 819 896 mediolanensium
861 871 983 907 poten-

230 914 299 953 tia,
328 913 424 945 armis
453 910 618 956 minisque
644 912 827 956 adhibitis,
855 911 922 946 sive
949 925 983 946 e-

230 963 311 995 tiam
343 962 458 1006 aequis
494 961 746 997 conditionibus
783 961 983 1010 propositis.

230 1010 320 1045 Vide
347 1011 586 1046 Gualvaneum
617 1013 803 1047 Flammam
840 1015 874 1047 in
904 1014 983 1047 Ma-

230 1061 352 1108 nipulo
383 1063 552 1106 florum,
582 1062 676 1110 cujus
705 1063 808 1098 verba
836 1063 983 1111 expendi

229 1114 264 1146 in
301 1111 544 1148 Differtatione
571 1112 850 1161 vigesimaprima
886 1117 924 1147 de
952 1117 984 1148 I—
1008 1113 1056 1150 ‘C

229 1163 332 1196 taliae
360 1166 482 1202 Statu,
518 1176 556 1198 ac
594 1164 703 1198 multa
731 1165 835 1199 attuli
865 1163 906 1199 ad
935 1164 984 1198 di-

230 1211 441 1260 gnoscendos
469 1213 553 1248 alios
581 1223 736 1249 veterum
763 1214 984 1248 Saeculorum

229 1264 455 1298 Comitatus:
495 1265 622 1309 quippe
657 1262 797 1298 fuerunt
833 1264 888 1297 vel
924 1262 984 1298 sub

230 1312 306 1358 ipsis
335 1313 472 1345 Francis
491 1315 533 1346 ‘in
560 1312 660 1346 Italia
687 1313 908 1359 regnantibus
934 1326 985 1348 re—

229 1365 344 1410 giones
381 1363 472 1396 inter
499 1361 609 1396 Urbes
647 1365 844 1410 praecipuas
880 1365 984 1399 inter-

230 1411 381 1455 mediae,
405 1424 494 1457 quae
516 1414 714 1447 Comitatus
740 1412 872 1448 honore
896 1412 986 1450 frue-

231 1462 384 1509 bantur3
413 1463 527 1507 ibique
554 1461 764 1510 praepositus
791 1465 834 1498 ab
862 1465 985 1512 Augu*

229 1511 283 1546 stis
318 1520 379 1547 aut
416 1512 562 1560 Regibus
602 1514 780 1558 peculiaris
822 1514 985 1559 Praeses,

228 1560 367 1596 hoc‘est
393 1563 540 1603 Comes,
578 1562 735 1610 justitiam
763 1563 895 1599 cunetis
924 1568 985 1598 mi-

228 1610 414 1647 nistrabat.
451 1614 484 1646 Si
522 1611 603 1646 fides
638 1614 834 1647 Ricordano
869 1614 984 1644 Mala—

227 1660 365 1708 spinae,
392 1662 426 1696 &
454 1662 576 1704 Ioanni
603 1661 780 1696 Villanio‚
810 1658 878 1705 jam
909 1666 982 1692 tum

227 1714 337 1746 Anno
363 1711 491 1747 Christi
519 1712 606 1745 MX.
635 1710 826 1744 Florentini
860 1707 982 1742 Faesu—

228 1761 341 1796 lanam
364 1763 493 1797 Urbem
513 1759 681 1794 aemulam
701 1757 792 1792 suam
819 1770 878 1804 per
902 1770 981 1805 pro-

227 1811 395 1846 ditionem
423 1807 580 1856 ingreffi‚
610 1808 684 1842 solo
708 1816 922 1853 aequarunt,
946 1808 980 1842 8<

228 1859 374 1894 Civibus
409 1859 487 1893 inde
521 1857 649 1893 abaetis
677 1869 872 1893 communes
900 1859 981 1893 Flo—

229 1913 383 1944 rentinae
411 1910 511 1944 Urbis
538 1908 624 1943 lares
650 1920 690 1942 ae
720 1907 866 1944 honores
893 1907 980 1944 fece-

228 1967 330 1995 runt.
356 1960 448 2004 Quei
467 1968 581 1994 tamen
607 1957 771 2003 ejusmodi
796 1959 886 1993 bella
907 1959 980 1993 Tu-

228 2009 381 2049 scorum,
418 2021 506 2054 quae
541 2007 582 2043 ad
614 2009 725 2043 Urbes
762 2008 828 2055 jam
859 2008 980 2044 Liber-

229 2068 300 2095 tate
327 2059 469 2094 donatas
498 2057 648 2106 speEtare
675 2057 857 2102 videntur,
889 2072 981 2094 com-
1003 2066 1008 2112 2

230 2113 312 2156 poni
336 2109 461 2155 poffint
485 2121 561 2143 cum
586 2109 729 2156 politico
755 2122 813 2157 per
836 2122 875 2145 ea
895 2118 980 2144 tem-

229 2172 314 2208 pora
342 2159 487 2194 Tusciae
519 2158 630 2198 statu,
666 2159 740 2193 aliis
770 2159 979 2207 perpenden-
1003 2134 1008 2218 ἱ

229 2210 311 2245 dum
346 2210 506 2254 relinquo
525 2223 547 2244 .’
570 2207 716 2244 Constat
752 2212 840 2244 enim
862 2236 873 2253 ,
911 2210 978 2256 post
1009 2230 1012 2258 Ι

230 2263 390 2309 Hugonis
410 2271 549 2307 quoque
571 2257 793 2306 potentiffimi
816 2261 920 2294 Ducis
941 2273 979 2296 ac
1007 2268 1011 2301 ῑ

229 2310 442 2348 Marchionis
478 2317 649 2352 mortem,
682 2309 767 2344 alios
796 2310 908 2344 Duces
941 2323 979 2345 ac

228 2361 472 2403 Marchiones‚
508 2371 547 2394 ac
575 2361 752 2406 praecipue
781 2359 980 2403 Bonifhciu'm

229 2411 409 2448 Matbildis
436 2409 670 2446 celeberrimae
697 2410 894 2445 Comitiffae
923 2423 978 2457 pa-

226 2473 311 2499 trem
330 2488 341 2508 ,
376 2460 550 2510 ipsamque
575 2458 810 2504 comitatam,
843 2462 978 2497 univer·
1006 2480 1012 2502 ς

1004 2039 1007 2065 l

1004 2115 1008 2132 i

1004 2017 1007 2032 ἱ
1021 2003 1049 2036 E

1093 268 1161 301 que
1196 255 1285 291 hanc
1321 256 1460 292 eandem
1497 256 1738 292 difficultatem
1775 260 1845 294 sen-

1092 304 1161 350 fit,
1197 304 1326 352 sibique
1361 306 1523 353 opposuit
1550 309 1662 355 Scipio
1690 307 1846 343 Admira-

1093 363 1148 390 tus
1184 357 1295 392 Libro
1332 358 1360 392 1.
1397 357 1524 392 Histor.
1557 359 1748 393 Florentia.
1783 359 1848 393 Sed

1094 417 1137 440 an
1164 407 1189 439 is
1217 405 1320 453 ipsam
1348 406 1517 443 sustulerit
1534 435 1545 452 ,
1581 407 1702 444 satisve
1729 407 1846 444 saltem

1094 456 1299 500 emollierit,
1326 458 1471 493 aliorum
1498 458 1660 507 judicium
1687 457 1774 494 esto,
1802 459 1850 494 11⁴

1094 505 1154 540 lud
1175 507 1313 553 quidem
1334 508 1486 551 constat,
1510 510 1617 545 Anno
1633 511 1848 545 Mxxvm.

1094 557 1128 589 in
1154 557 1259 591 literis
1283 560 1401 601 Jacobi
1426 559 1603 595 Faesulani
1630 560 1789 607 Episcopi
1814 573 1844 595 a-

1095 606 1162 653 pud
1192 606 1397 654 Ughellium
1427 611 1609 645 Civitatem
1635 609 1848 655 Faesitlanam

1094 661 1384 702 commemorari,
1428 669 1532 707 atque
1573 663 1606 696 in
1649 660 1848 708 Diplomate

1094 707 1247 742 Conradi
1283 710 1311 743 1.
1338 709 1485 758 Augusti
1516 713 1621 747 Anno
1651 709 1849 746 Mxxvn.

1094 757 1182 804 apud
1219 758 1374 794 eumdem
1407 759 1608 809 Ughellium
1635 763 1753 796 Tomo
1784 761 1848 795 ΙΙΙ.

1094 807 1174 842 Ital.
1202 809 1292 844 Sacr.
1319 813 1517 845 Comitatum
1547 815 1773 846 Florentinum
1799 810 1848 844 di<

1092 856 1249 892 stinehim
1289 872 1309 895 a
1351 862 1530 907 Faesulano
1571 862 1682 898 adhuc
1727 861 1850 897 fuiffe.

1092 909 1255 944 Tradunt
1276 918 1390 945 autem
1414 912 1512 948 iidem
1535 914 1745 962 Scriptores,
1767 913 1847 946 Flo-

1092 961 1245 994 rentinos
1281 962 1390 996 Anno
1427 964 1619 998 MCXXV.
1663 967 1696 998 in
1738 974 1848 997 arcem

1092 1008 1313 1044 faesulanam
1335 1010 1564 1059 superstitem,
1588 1013 1716 1061 fibique
1737 1011 1849 1047 adhuc

1092 1071 1208 1106 parere
1245 1070 1450 1109 negantem,
1488 1077 1580 1099 arma
1618 1063 1850 1106 convertisse,

1066 1112 1235 1155 {eamque
1273 1115 1313 1146 ad
1351 1112 1560 1150 deditionem
1601 1116 1771 1164 coegisse.
1809 1115 1848 1150 Id

1065 1147 1174 1235 'tunc
1210 1173 1328 1198 revera
1356 1162 1508 1209 stastum,
1545 1166 1627 1202 mihi
1661 1167 1760 1201 nullo
1789 1179 1849 1200 ne-

1090 1210 1191 1257 gotio
1213 1211 1404 1259 persuasum
1425 1215 1488 1250 est.
1513 1217 1607 1251 Tum
1629 1219 1736 1252 Anno
1758 1218 1850 1252 MC·

1091 1263 1239 1296 XXXV.
1276 1263 1363 1299 idem
1392 1266 1546 1313 Populus
1582 1280 1681 1315 aegre
1713 1266 1848 1306 ferens,

1089 1312 1183 1356 quod
1204 1312 1359 1348 Castrum
1379 1316 1515 1353 Montis
1539 1318 1647 1361 Boni,
1672 1317 1728 1352 ubi
1755 1318 1847 1353 Bon-

1090 1361 1316 1398 delmontium
1353 1366 1479 1401 nobilis
1517 1369 1660 1403 Familia
1697 1367 1849 1402 domina-

1090 1410 1212 1455 batur,
1239 1425 1310 1449 non
1338 1416 1442 1464 longe
1469 1417 1512 1452 ab
1540 1420 1635 1454 Urbe
1655 1417 1785 1460 situm,
1812 1417 1847 1452 δε

1088 1461 1132 1495 ab
1173 1462 1272 1509 ipsius
1310 1467 1414 1502 Urbis
1455 1467 1585 1503 ditione
1625 1466 1847 1514 sejssnaum'

1089 1512 1256 1558 quaedam
1284 1515 1465 1564 vefiligalia
1493 1531 1511 1553 a
1538 1516 1782 1553 mercatoribus
1805 1517 1846 1551 il-

1024 1583 1038 1595 i
1065 1554 1142 1595 flac
1173 1566 1541 1609 praetergredientibus
1577 1568 1754 1614 exigeret,
1784 1566 1845 1601 ob*

1064 1593 1214 1670 ‘sulione
1243 1610 1397 1645 institut-21
1434 1620 1670 1662 expugnatum
1698 1615 1845 1662 dejecit,

1089 1654 1126 1690 &
1155 1669 1272 1703 agrum
1305 1658 1384 1693 suae
1420 1662 1646 1706 jurisdizffioni
1675 1664 1844 1709 subjecit.

1088 1705 1197 1740 Anno
1218 1718 1361 1752 quoque
1379 1709 1665 1747 Mcxxxvm.
1692 1716 1741 1746 uti
1767 1713 1844 1748 scri-

1089 1754 1140 1789 bit
1165 1755 1368 1792 Admiratus
1399 1758 1514 1804 junioi·
1543 1763 1576 1796 in
1607 1761 1845 1799 additamentis

1087 1804 1130 1839 ad
1166 1805 1294 1843 Histor.
1322 1808 1559 1846 Florentinam
1580 1838 1590 1856 ,
1627 1812 1727 1848 iidem
1764 1815 1845 1849 1²10-

1087 1855 1215 1891 rentini
1244 1857 1443 1904 (incertum
1470 1860 1654 1908 asperis-ne
1676 1876 1718 1899 an
1748 1863 1845 1899 blav

1088 1904 1139 1940 dis
1167 1908 1303 1956 verbis)
1330 1911 1494 1957 Ugerium
1518 1913 1692 1949 Comitem
1717 1914 1758 1949 ad
1785 1927 1842 1962 pa-

1087 1955 1143 1992 &a
1171 1956 1315 1993 foederis
1351 1958 1499 1996 ferienda
1527 1963 1737 2011 adegerunt,
1768 1967 1842 2009 qui—

1062 2008 1148 2063 lbus
1190 2007 1232 2043 ad
1269 2009 1456 2045 utilitatem
1496 2012 1721 2060 Reipublicae
1762 2016 1841 2050 Flo-

1086 2059 1242 2094 rentinae
1268 2061 1403 2108 pignori
1427 2062 1595 2108 obligavit
1622 2067 1686 2100 tria
1711 2063 1842 2101 Castel-

1086 2108 1149 2152 la,
1184 2121 1306 2158 nempe
1341 2112 1454 2146 Collis
1483 2115 1600 2157 Novi,
1631 2114 1779 2159 Sillani,
1807 2117 1841 2151 δε

1086 2159 1263 2195 Tremali.
1301 2161 1364 2196 Sed
1392 2165 1572 2210 praecipue
1599 2163 1740 2201 circiter
1765 2168 1839 2202 An-

1086 2221 1168 2244 num
1192 2212 1456 2248 MCLXXXH.
1482 2215 1763 2251 florentinorum
1792 2220 1840 2251 in-

1087 2267 1141 2294 ter
1166 2259 1198 2294 se
1225 2262 1447 2297 concordium
1475 2276 1591 2299 manus
1627 2264 1721 2301 fuere
1758 2279 1839 2301 con-

1087 2316 1140 2344 tra
1164 2309 1331 2346 finitimos
1350 2312 1526 2360 quosque.
1553 2315 1715 2351 Montem
1737 2315 1839 2351 Gros-

1087 2359 1197 2394 sulum
1221 2373 1487 2412 expugnaruntg
1514 2365 1751 2413 Empolensem
1776 2368 1839 2402 Pom

1088 2411 1207 2458 pulum
1242 2414 1378 2448 censum
1418 2415 1573 2460 polliceri
1610 2418 1644 2451 in
1674 2416 1838 2465 posterum

1087 2465 1307 2508 coegerunt:
1346 2462 1536 2499 Castellum
1576 2467 1713 2516 Pognae
1752 2465 1838 2501 obfi-

1129 2513 1163 2545 A
1194 2524 1213 2546 2
1688 2516 1788 2550 dione
