2201 3021
257 246 342 287 777

197 312 220 329 „
245 287 283 324 δὲ
320 286 525 324 confirmare
562 288 696 334 previdi
735 290 834 325 vobis
876 290 940 324 Ber

198 361 219 377 ,,
247 337 344 373 nardi
391 337 458 374 filii
502 339 676 385 quondam
720 338 876 379 Winifi,
918 338 955 376 &

196 411 217 428 ‚.
245 388 366 424 Bertae
404 389 506 424 matri
545 398 643 428 tuae,
675 390 755 438 (49)
787 389 869 425 idest
902 389 955 425 in-

197 462 222 483 „
251 448 348 486 tegra
374 440 504 481 Curre,
532 440 562 474 3<
592 440 840 477 Ecclefias....
869 453 956 488 quae

195 512 216 529 ‚,
243 489 375 524 dicim·
412 488 447 523 in
487 491 645 531 Cancio‚
678 504 765 539 quae
803 490 847 526 est
886 503 957 526 tne—

197 563 223 584 „
249 540 411 575 dietatem
455 539 497 576 de
536 540 759 588 suprascripta
797 541 953 578 Catoni-

196 615 222 634 „
251 602 309 627 ca,
339 602 420 624 cum
456 592 622 629 omnibus
659 593 883 641 pertinentiis
917 591 954 628 &

195 662 215 678 „
242 639 448 686 adjacentiis
490 655 606 679 earum
650 643 806 683 suarum,
849 656 956 691 quan·

194 713 216 729 „
244 698 319 725 tum
357 693 397 725 ad
427 690 653 741 suprascripta
690 695 877 730 medietate
915 695 956 730 de
983 724 987 733 .

195 763 216 780 „
246 740 399 787 predia-2
427 745 536 780 Curre
564 744 601 781 &
631 745 815 786 Ecclefiis‚
841 746 885 781 δι
904 758 955 780 re-

194 813 218 830 n
247 792 307 827 bus
345 791 413 828 suis
449 798 682 842 pertinentes,
712 798 746 832 δε
783 810 835 832 res
875 809 952 831 cum

192 863 220 885 ,ι
247 842 392 888 Cui-tis,
429 844 539 887 ortis,
581 847 687 888 caiis,
725 847 863 891 vineis,
902 846 955 882 fil-

193 915 220 934 „
248 891 321 933 vis,
348 893 457 941 ripis,
485 897 616 945 pratis,
640 901 673 935 δ(
701 897 853 948 pascuis,
882 899 953 934 cul-

193 965 220 985 „
248 941 296 978 tis
323 944 444 986 rebus,
474 949 529 983 vel
557 948 725 990 incultis,
754 964 812 998 ρει·
845 947 955 993 fingu-

192 1014 221 1034 „
245 991 291 1026 lis
331 995 419 1027 locis
463 998 496 1028 δε
541 1001 745 1037 vocabulis,
789 998 955 1034 movilias

194 1064 220 1083 5,
245 1040 279 1074 δε
308 1040 577 1079 immovilibus,
605 1046 725 1077 omnia
752 1047 787 1076 ὃς
815 1047 853 1078 in
880 1062 954 1083 om-

193 1114 221 1133 „
247 1088 378 1133 nibus,
421 1100 592 1136 quantum
637 1091 678 1126 ad
726 1089 954 1140 suprascripta

194 1164 220 1183 ‚9
248 1140 436 1175 medietate
473 1139 514 1175 de
551 1141 726 1188 praedi&a
763 1143 873 1178 Curte
915 1143 952 1179 &

193 1215 220 1234 „
247 1188 426 1229 Ecclesia,
469 1191 570 1226 rebus
612 1191 876 1240 suprascriptis,
919 1195 953 1229 &

193 1265 222 1283 „
247 1239 461 1287 ubicumque
488 1241 529 1276 de
557 1242 628 1288 ejus
657 1243 891 1290 pertinentia,
918 1245 952 1279 8<

193 1314 215 1329 2,
242 1303 320 1325 cum
357 1291 478 1326 omnia
516 1291 614 1338 supra
652 1294 685 1330 se
720 1295 753 1330 8<
787 1294 885 1340 super
921 1294 953 1331 se

194 1364 216 1379 2,
242 1341 402 1381 albentis,
447 1341 503 1378 seu
547 1344 627 1380 dare
667 1346 701 1380 δε
745 1345 953 1382 confirmare

192 1417 219 1435 ,‚
247 1391 385 1438 providi
424 1392 522 1428 vobis
552 1395 742 1436 Bernardi,
770 1396 809 1433 ἃ
839 1396 953 1442 supra-

191 1466 216 1484 „
245 1441 359 1475 dflae
388 1444 535 1482 Reme,
564 1444 642 1478 sunt
671 1446 818 1492 integris
849 1445 952 1487 casis,

192 1516 217 1535 3,
245 1491 279 1525 ὃ(
308 1490 442 1531 vineis,
470 1491 571 1528 sortis
600 1495 635 1529 &
663 1496 762 1530 rebus
801 1496 951 1533 maffari-

191 1568 217 1586 2,
245 1540 336 1581 ciis,
364 1549 443 1578 tum
481 1543 648 1580 Ecclefias
685 1545 805 1582 saneti
835 1547 950 1588 Petri,

189 1617 216 1636 „
244 1605 332 1639 quae
360 1591 438 1628 sunt
466 1593 576 1642 posito
604 1595 641 1631 in
668 1596 749 1632 loco
785 1597 819 1632 &
848 1611 951 1633 voca-

190 1668 215 1687 „
243 1644 326 1679 bulo
355 1644 512 1691 Barqua,
540 1644 641 1682 sicuti
669 1661 731 1682 vos
767 1647 950 1695 suprascri-

191 1719 216 1737 ,‚
244 1693 297 1742 pti
326 1694 500 1729 Bernardo
527 1696 561 1729 &
591 1697 694 1731 Berta
732 1709 790 1743 per
817 1699 949 1733 cartula

191 1770 216 1787 s,
244 1743 460 1779 venditionis
474 1770 610 1782 .......
642 1745 679 1781 in
723 1746 949 1796 suprascripta

191 1819 215 1839 3,
243 1793 426 1830 canonica
463 1795 606 1832 Sanffiae
644 1796 801 1838 Mariae,
828 1808 868 1834 ut
903 1798 950 1835 fa-

193 1870 217 1888 „
246 1843 317 1880 ciat
349 1844 475 1881 exinde
506 1855 565 1886 tu,
592 1847 655 1894 qui
692 1847 789 1896 supra
826 1851 953 1894 Berta,

192 1920 218 1939 ,9
243 1895 277 1930 8<
318 1895 385 1942 jam
423 1896 520 1933 dieto
557 1899 755 1943 Bernard0‚
791 1899 829 1936 &
867 1900 953 1937 filiis

193 1971 219 1989 s,
247 1945 448 1983 masculinis
460 1975 619 1985 ........
647 1949 687 1985 de
720 1950 951 1999 suprascripto

194 2022 219 2040 ᾖ,
246 1997 422 2033 Bernardo
448 1998 633 2036 secundum
660 2002 756 2050 Lege
782 2001 952 2050 quicquid

194 2072 219 2090 9,
246 2046 421 2092 voluerit,
450 2050 628 2086 libellario
663 2052 805 2089 nomine
833 2053 874 2089 de
902 2053 953 2090 su-

193 2122 218 2141 „
246 2097 456 2146 prascripto.
485 2102 679 2150 Antepono
716 2117 787 2139 uno
815 2104 952 2139 modio-

193 2172 219 2190 „
245 2161 320 2183 rum
351 2148 392 2184 de
426 2158 515 2185 terra
551 2164 629 2186 cum
659 2151 756 2187 filvas
794 2152 892 2199 super
919 2150 951 2186 se

189 2224 219 2242 ³²
246 2199 384 2233 abentes
419 2199 455 2233 in
493 2201 573 2235 loco
609 2200 646 2236 δι
676 2202 848 2236 vocabulo
876 2200 950 2236 Cu-

189 2273 219 2295 „-
244 2248 346 2283 niolo
374 2253 416 2288 Bc.
445 2248 561 2284 decem
591 2250 624 2284 8<
652 2251 746 2286 nove‘
774 2249 881 2286 fistara
909 2250 953 2286 de

191 2327 216 2347 ³>
245 2308 336 2334 terra
379 2299 545 2344 arabilis,
587 2313 653 2348 que
694 2300 868 2347 pertinere
910 2301 952 2338 de

191 2380 217 2399 „
245 2348 362 2394 fini-re,
391 2363 458 2398 que
495 2351 564 2400 jam
602 2351 756 2388 detinuit
793 2353 950 2389 Carbon-

191 2431 216 2451 „
243 2402 482 2439 cello.......
511 2416 578 2450 que
606 2402 719 2448 pofita*
742 2403 780 2440 in
808 2404 890 2440 loco
916 2405 950 2440 &

194 2482 220 2502 „
245 2453 421 2491 vocabulo
447 2452 562 2491 Vico.
591 2455 685 2491 Nam
722 2454 801 2491 aliis
834 2454 952 2492 omni-

542 233 934 273 DISSERTATIO
966 229 1485 286 QUINQUAGESIMA.

997 290 1028 321 A

995 1644 1026 1677 D

996 2098 1024 2131 Ε

1071 312 1095 328 „
1124 286 1184 319 bus
1226 283 1462 330 lupi-ascriptis
1491 281 1570 316 cafis
1606 281 1678 317 tuis
1706 283 1743 318 ἃ
1781 277 1834 314 vi-

1071 362 1096 379 „
1123 335 1218 375 aeis,
1244 334 1277 368 &
1308 335 1373 379 jam
1404 333 1509 369 dias
1537 331 1721 372 Ecclefiis‚·
1749 329 1835 366 ficut

1071 411 1094 429 ‚a
1123 384 1275 432 superius
1312 384 1464 431 legitur,
1494 392 1642 429 excepto
1679 397 1756 431 quo
1784 379 1839 416 su-

1070 461 1094 479 „
1123 436 1236 482 perius
1275 432 1479 481 anteposui,
1508 432 1629 467 omnia
1667 433 1708 468 in
1746 433 1838 468 inte-

1070 512 1095 530 „
1122 499 1249 533 grum,
1294 484 1378 519 ficut
1422 483 1519 531 super
1562 482 1723 530 legitur,
1764 481 1835 518 tibi

1070 565 1093 580 „
1123 537 1184 581 qui
1213 537 1308 578 supra
1340 534 1506 570 Bernardi
1539 532 1574 569 ὃ(
1608 534 1708 568 Berta
1720 558 1839 568 ......

1071 614 1094 631 „
1122 588 1154 622 8<
1185 588 1225 622 ad
1255 586 1340 621 filiis
1370 585 1440 621 tuis
1478 584 1663 624 masculis,
1691 583 1754 633 qui
1784 582 1838 619 su-

1070 665 1094 682 .,
1123 651 1180 686 pra
1212 638 1397 680 Bernardi,
1425 636 1487 685 qui
1516 636 1557 671 de
1595 647 1704 670 uxore
1732 634 1837 670 abue-

1069 715 1094 733 ‚,
1122 689 1191 729 rit,
1220 689 1339 725 damus
1376 687 1414 724 &
1443 689 1691 723 confirmamus
1729 685 1770 721 ad
1799 698 1840 721 a-

1070 767 1093 783 „
1122 741 1295 780 bendum,
1333 739 1545 783 tenendum,
1581 736 1836 783 laborandum,

1069 791 1278 835 „laborare
1316 790 1541 833 faciendum,
1579 787 1616 824 &
1655 786 1835 823 usufruen-

1069 868 1092 886 ‚‚
1120 841 1225 882 dum,
1254 850 1293 877 ut
1330 841 1538 877 melioretur
1573 840 1607 875 8(
1636 851 1708 874 non
1737 838 1833 886 pejo-

1069 920 1092 937 ‚,
1119 902 1234 929 retur.
1270 895 1317 928 Et
1354 906 1416 940 pro
1452 890 1595 930 omnia,
1633 889 1695 937 qui
1732 888 1833 937 supra

1069 971 1093 987 „
1122 944 1275 992 legitur,
1310 943 1401 979 detis
1442 941 1481 979 &
1521 939 1726 989 persolvatis
1773 952 1832 988 per

1069 1020 1092 1038 „
1120 1004 1177 1037 te,
1204 994 1266 1041 qui
1303 993 1402 1040 supra
1440 993 1607 1028 Bernardi
1638 992 1673 1026 &
1702 992 1830 1030 Berta,

1068 1070 1092 1085 ,‚
1119 1052 1179 1079 aut
1207 1057 1266 1088 per
1302 1056 1409 1079 unum
1446 1042 1508 1087 qui
1539 1041 1636 1086 supra
1673 1039 1715 1075 de
1745 1052 1830 1078 vos,

1068 1114 1091 1131 ‚,
1119 1088 1152 1121 &
1182 1099 1244 1134 pro
1281 1089 1350 1122 tuis
1379 1087 1465 1123 filiis
1501 1086 1732 1131 masculinis,
1765 1089 1830 1135 qui.

1067 1165 1091 1182 ‚‚
1119 1136 1217 1183 supra
1257 1138 1454 1180 Bernardi,
1493 1147 1553 1174 aut
1597 1151 1657 1186 per
1704 1137 1828 1175 vestros

1066 1216 1090 1233 aa
1119 1188 1243 1223 Miffos
1271 1188 1384 1232 mihi,
1408 1188 1470 1235 qui
1499 1189 1620 1237 supra,
1643 1189 1830 1226 Lamberti

1066 1267 1090 1282 ,‚
1120 1238 1450 1286 Archipresbitero,
1472 1241 1506 1275 &
1534 1241 1574 1276 ad
1605 1239 1693 1275 meis
1721 1239 1829 1285 poste-

1067 1317 1090 1334 „
1117 1288 1163 1324 ris
1191 1288 1455 1329 succefforibus‚
1480 1301 1541 1327 aut
1568 1305 1586 1326 a
1613 1290 1828 1327 Ministeria-

1066 1368 1089 1385 „
1117 1341 1149 1374 le
1185 1340 1299 1377 nostro
1335 1355 1354 1377 a
1382 1341 1513 1386 prefata
1550 1341 1732 1378 Canonica
1770 1354 1830 1387 per

1066 1418 1089 1434 ,‚
1117 1389 1267 1438 fingulos
1309 1405 1418 1426 annos
1462 1392 1548 1426 infra
1590 1391 1715 1425 Menle
1760 1393 1829 1426 De-

1064 1468 1089 1484 „
1117 1441 1254 1475 cember
1281 1441 1323 1476 de
1352 1441 1504 1476 denariis
1532 1441 1574 1476 de
1611 1442 1710 1476 Luca
1738 1440 1829 1477 Soli-

1064 1518 1088 1535 „
1116 1490 1177 1525 dos
1205 1489 1262 1525 sex
1290 1491 1375 1526 boni
1402 1491 1665 1536 expendibiliS,
1693 1491 1727 1525 &
1756 1504 1829 1527 non

1064 1568 1088 1586 „
1116 1540 1266 1588 amplius
1296 1554 1357 1586 pro
1385 1543 1481 1576 nulla
1503 1542 1572 1576 alia
1596 1540 1825 1586 conditione,

1036 1626 1038 1639 ¹
1063 1619 1087 1636 ‚‚
1115 1592 1171 1626 vel
1200 1604 1259 1639 per
1285 1592 1443 1639 qualibet
1470 1591 1684 1640 superfruam
1723 1592 1825 1628 vobis

1063 1670 1087 1687 ‚‚
1115 1643 1212 1677 nulla
1239 1642 1566 1690 sapei-imponatur,
1594 1642 1761 1679 movilias
1788 1644 1822 1678 δε

1036 1694 1088 1738 '„
1115 1692 1228 1740 fruges
1263 1695 1298 1729 &
1335 1695 1576 1739 laboratione,
1616 1708 1684 1742 que
1719 1693 1827 1730 infra-

1063 1771 1087 1790 „
1116 1742 1253 1787 scriptis
1295 1744 1407 1780 vineis
1425 1770 1435 1785 ,
1479 1745 1603 1785 sortis,
1645 1744 1683 1781 &
1726 1745 1827 1781 rebus

1064 1822 1088 1839 ‚‚
1116 1794 1314 1835 maffariffi,
1341 1794 1379 1832 ὃ(
1418 1795 1582 1831 Ecclefiis
1620 1797 1719 1831 rebus
1765 1795 1826 1832 sun

1063 1873 1087 1891 ‚,
1115 1845 1328 1893 pertinentes
1340 1873 1477 1883 .......
1505 1856 1565 1882 aut
1593 1846 1761 1882 abueritis
1788 1846 1826 1882 in

1062 1924 1086 1942 „
1114 1922 1227 1932 ......
1248 1899 1352 1933 Berte
1376 1897 1413 1934 δι
1437 1897 1605 1934 Bernardi
1632 1896 1669 1934 &
1692 1897 1733 1932 ad
1756 1897 1826 1933 tuis

1062 1975 1085 1992 ,‚
1114 1945 1200 1983 filiis
1242 1948 1445 1985 masculinis
1486 1948 1526 1984 fit
1575 1948 1826 1996 protestatione

1061 2025 1084 2043 ‚‚
1114 1997 1274 2035 facienda
1312 2000 1407 2048 quod
1445 2000 1655 2036 volueritis.
1698 2001 1745 2034 Et
1783 1998 1828 2034 fic

1061 2076 1084 2095 ‚,
1113 2050 1286 2098 promitto
1313 2064 1378 2099 ego
1405 2054 1463 2098 qui
1500 2050 1600 2097 supra
1627 2049 1823 2085 Lamberto

1060 2126 1084 2144 „
1112 2100 1420 2146 Archipresbitero
1444 2114 1512 2136 una
1540 2112 1619 2135 cum
1647 2102 1731 2135 meis
1752 2098 1826 2134 suc—

1058 2173 1083 2190 „
1111 2147 1296 2185 cefforibus
1323 2149 1427 2197 ipsius
1467 2150 1508 2184 de
1536 2149 1721 2184 canonica
1753 2163 1825 2185 am-

1059 2222 1083 2241 „
1111 2197 1203 2242 plius
1229 2198 1405 2233 violenter
1431 2198 1827 2246 supet-imposuerimus,

1059 2273 1083 2291 „
1110 2255 1170 2282 aut
1197 2245 1220 2281 fi
1247 2260 1311 2283 nos
1339 2247 1438 2284 vobis
1466 2250 1595 2285 tollere
1623 2250 1679 2285 vel
1718 2249 1826 2286 sutrai

1059 2324 1082 2343 „
1110 2296 1336 2344 quesierimus
1378 2312 1440 2347 pro
1481 2300 1608 2348 quovis
1648 2300 1824 2350 ingenio,

1059 2376 1082 2394 9,
1110 2357 1194 2384 tunc
1222 2362 1472 2399 componamus
1507 2351 1607 2387 vobis
1646 2365 1733 2400 pena
1762 2365 1821 2388 nu-

1059 2426 1083 2446 „
1110 2413 1208 2436 meru
1252 2401 1293 2436 de
1333 2401 1427 2438 bono
1471 2402 1646 2439 arientum
1696 2403 1824 2440 Libras

1060 2478 1085 2498 „
1111 2451 1367 2501 quinquainta.
1394 2455 1442 2489 Et
1469 2467 1530 2503 per
1555 2454 1635 2490 ideo
1672 2454 1821 2501 promit-

1613 2531 1637 2548 „
1666 2514 1773 2542 timus

269 2579 337 2619 (4⁶³³
360 2577 411 2610 Da
433 2577 537 2619 questo
559 2579 740 2611 strumento
762 2576 783 2609 fi
803 2577 977 2619 siconosce‚
999 2576 1055 2609 che
1076 2574 1108 2611 la
1134 2572 1235 2607 nostra
1256 2573 1374 2607 chiesa
1394 2582 1446 2605 era
1476 2573 1560 2607 sotto
1580 2573 1611 2607 la
1632 2577 1816 2616 proteziose

186 2618 216 2653 tii
237 2619 332 2663 questi
355 2620 477 2661 Signori
497 2619 658 2655 francefi.
