2201 3021
398 240 482 283 719
703 226 1118 286 ANTIQUIT.
1161 226 1396 268 MEDII
1436 225 1618 266 AEVI
1837 237 1924 279 720

334 292 361 330 3,
388 284 500 325 tabo,
536 284 571 320 8<
608 283 651 320 fic
679 282 806 320 faciam
837 285 949 333 jurare
986 298 1103 326 meos,
1144 285 1178 319 A
1221 309 1245 328 ,‚
1271 285 1306 318 &
1335 283 1474 319 mittam
1502 284 1587 320 duos
1616 280 1819 318 Advocatos
1847 294 1889 317 ex
1919 279 1980 317 usu

337 361 362 379 „
390 333 429 371 &
465 334 510 372 fic
538 334 644 384 usque
681 336 723 371 ad
751 337 942 372 terminum
981 335 1102 372 consti·
1220 359 1247 379 „
1273 335 1329 370 vel
1355 333 1397 371 de
1424 333 1505 370 usu.

338 412 363 430 „
392 393 510 423 tutum
538 387 741 435 expletum,
769 388 883 424 donec
910 387 1014 424 nobis
1040 387 1103 423 ob·
1271 411 1296 430 ‚,
1324 384 1358 434 §-
1391 389 1472 433 148.
1510 386 1599 420 Item
1637 384 1707 420 duo
1742 382 1895 419 Castaldi
1923 396 1981 431 pa—

339 462 362 480 „
392 435 627 474 servaverint.
1220 461 1245 480 ‚‚
1272 437 1341 471 lam
1377 436 1414 472 in
1458 435 1615 484 Arringo
1655 435 1854 483 eligantur,
1895 446 1981 481 quo-

390 514 415 532 „
443 490 599 539 §.145.
640 488 869 524 Securitatem
907 489 941 523 3<
976 491 1101 525 Pacem
1220 513 1245 531 ‚‚
1274 499 1351 522 rum
1381 500 1467 522 unus
1492 486 1647 534 quilibet
1673 486 1796 521 habeat
1826 486 1981 520 Feudum

339 548 367 584 ⁷„
393 537 746 576 Monticatinenfium
773 538 908 575 firmam
932 540 966 573 Sc
990 549 1100 574 ratam
1221 563 1245 581 „
1273 539 1337 573 lv.
1365 537 1576 578 Librarum,
1599 535 1637 572 &
1666 548 1735 574 non
1761 537 1859 585 plus,
1887 549 1982 584 prae-

341 615 368 635 „
396 594 430 626 in
459 603 533 626 meo
561 588 721 625 dominio
758 589 891 625 habebo
927 591 960 624 ὃ(
987 589 1102 626 obser·
1222 613 1247 632 ‚,
1273 596 1326 623 ter
1361 601 1414 623 res
1451 587 1610 628 ufitatas,
1649 599 1736 635 quae
1773 587 1898 622 dantur
1934 585 1983 633 (t)

341 665 367 685 ‚‚
396 641 507 684 vabo,
535 639 621 675 ficut
649 639 776 688 scripta
800 640 846 676 est
872 653 931 688 per
957 640 1101 689 omniag
1220 664 1245 682 ‚‚
1273 637 1311 674 in
1341 638 1453 675 Pascis
1490 638 1557 674 fine
1585 639 1725 675 fraude.
1757 638 1832 682 Qu
1860 649 1982 672 omnes

341 716 368 734 ‚‚
396 690 434 728 &
463 691 506 727 s1c
533 690 660 726 faciam
697 691 809 740 jurare
846 704 956 728 meam
985 691 1100 740 proxi·
1220 689 1387 739 „jurent
1423 689 1460 725 in
1497 690 1677 725 communi
1715 686 1900 726 confilio.
1937 685 1983 721 se-

342 765 368 784 „
398 755 452 778 me
490 741 727 778 succedentem
770 742 1006 781 Potestatem,
1048 742 1104 777 vel
1146 747 1173 782 Β
1220 765 1244 784 ,,
1273 740 1424 776 eundum
1465 741 1556 787 quod
1595 739 1801 776 Coniiiiarii
1841 749 1985 776 omnes,

345 817 370 835 ς,
398 792 593 833 (ἷοηῐιιξεε,
620 794 654 828 δε
682 800 722 828 ut
749 792 806 829 illi
834 792 965 828 faciant
993 793 1104 841 jurare
1221 816 1245 835 ‚‚
1273 792 1328 826 vel
1357 791 1468 840 major
1497 804 1572 839 pars
1600 790 1784 829 confilium
1823 786 1985 823 dederint

345 867 371 886 s,
398 844 497 888 suos,
525 844 558 879 ὃ(
587 843 642 880 illi
669 843 767 887 suos,
805 844 839 880 ὅ(
869 842 912 878 fic
939 843 977 879 in
1005 853 1105 878 antea
1221 867 1245 885 9,
1272 841 1314 877 de
1349 842 1470 878 officio
1503 841 1653 877 castaldi
1666 867 1776 878 ......
1808 841 1857 877 Et
1893 836 1985 873 insu-

343 918 371 937 „
399 894 504 944 usque
555 894 595 930 ad
648 895 827 944 expletum
877 893 1104 931 constitutum
1221 918 1246 937 „
1273 905 1334 941 per
1368 893 1502 928 habebo
1544 905 1651 928 unum
1693 891 1986 937 Camarlingum

343 968 370 987 ⁵,
398 946 611 983 terminum.
1221 965 1245 985 ‚2
1272 942 1335 988 qui
1384 942 1491 979 faciat
1533 942 1697 991 expensas
1739 941 1867 978 deforis
1919 951 1984 987 pro

397 1024 421 1042 ³,
449 997 483 1046 ᾧ
516 998 598 1045 146.
627 998 879 1038 Securitatem,
906 1010 1010 1046 quam
1041 998 1108 1032 Arss
1221 1017 1246 1036 ,‚
1272 993 1488 1028 Communi.

347 1070 372 1088 a,
400 1049 585 1083 rendibilis
630 1048 883 1089 Parmifianus‚
924 1047 1107 1084 Gubianus
1273 1069 1298 1086 ‚,
1326 1043 1360 1089 §·
1392 1053 1474 1087 14>-
1504 1044 1593 1076 Item
1623 1041 1743 1076 faciam
1774 1042 1887 1088 jurare
1914 1042 1983 1075 Ca-

346 1120 373 1142 „
401 1095 607 1144 Trajeffl‘us,
634 1096 669 1130 δε
699 1097 834 1142 Prejete
860 1097 1034 1131 Consules
1061 1097 1109 1128 fe-
1224 1114 1248 1134 ‚2
1275 1091 1419 1128 staldos,
1460 1090 1554 1135 quod
1595 1103 1664 1126 non
1707 1091 1877 1132 minant,
1920 1090 1985 1125 nec

347 1170 374 1189 2,
402 1155 523 1182 cerunt
564 1159 644 1182 cum
692 1145 857 1181 ciottolo
898 1143 939 1180 de
983 1142 1110 1191 Bargi,
1225 1164 1249 1184 „
1277 1139 1376 1175 mitti
1399 1137 1530 1174 faciant
1554 1141 1753 1187 operarios,
1781 1142 1813 1176 &
1840 1141 1891 1176 ita
1916 1142 1985 1176 Po-

347 1221 374 1241 „
402 1197 540 1234 firmam
578 1198 612 1232 δι
649 1204 760 1232 raram
789 1194 946 1234 habebo,
984 1192 1021 1230 δὲ
1049 1193 1110 1228 ob-
1150 1189 1185 1227 C
1226 1215 1251 1235 „
1277 1189 1374 1225 testas
1399 1192 1539 1228 mittat,
1564 1190 1596 1224 &
1618 1189 1700 1225 inde
1720 1204 1788 1225 non
1811 1191 1984 1230 habeant,

350 1272 377 1291 2,
404 1248 546 1285 servabo
573 1248 611 1284 in
640 1260 718 1284 meo
746 1245 929 1286 dominio,
964 1245 998 1280 &
1027 1243 1112 1279 ficut
1226 1265 1252 1285 ‚,
1279 1239 1341 1275 nifi
1369 1239 1454 1275 duos
1494 1239 1670 1280 Nuntios,
1711 1250 1748 1276 ut
1777 1239 1907 1276 faciant
1937 1242 1987 1288 ju—

351 1323 378 1341 „
406 1299 534 1348 scripta
569 1299 615 1335 est
651 1311 711 1348 per
743 1298 883 1334 omnia.
919 1297 966 1332 Et
993 1294 1036 1330 fic
1064 1293 1112 1329 fa—
1228 1317 1252 1336 ‚,
1279 1304 1352 1327 rare
1392 1291 1618 1339 Magum-ios,
1655 1290 1692 1328 &
1721 1290 1796 1328 suos
1834 1291 1987 1328 familia-

351 1373 377 1392 „
405 1350 496 1385 ciam
526 1351 637 1397 jurare
666 1362 777 1385 meam
808 1348 968 1397 proxime
1001 1345 1113 1381 succe·
1229 1368 1252 1387 ,‚
1279 1355 1331 1378 res
1369 1355 1386 1376 a
1417 1344 1512 1377 XIV.
1551 1342 1588 1378 in
1626 1353 1748 1383 antea,
1786 1343 1878 1390 quod
1913 1356 1984 1379 nen

351 1423 377 1442 ‚‚
404 1400 544 1435 dentem
589 1399 794 1434 Potestatem
838 1397 876 1433 &
917 1394 1112 1432 Consules,
1229 1419 1253 1437 ,‚
1282 1394 1411 1428 tollent
1450 1392 1707 1433 fraudulenter,
1747 1406 1810 1430 nec
1851 1394 1987 1429 frauda*

352 1474 378 1492 9,
406 1452 439 1485 δε
478 1459 517 1486 ut
553 1449 611 1485 illi
639 1448 770 1484 faciant
800 1448 918 1495 ,jurare
945 1446 1043 1484 suos,
1079 1447 1110 1479 ἃ
1230 1469 1254 1487 ,,
1283 1444 1368 1478 bunt
1406 1442 1541 1477 blavam
1572 1443 1693 1489 aliquo
1729 1443 1895 1491 ingenio,
1923 1457 1987 1480 nec

353 1523 378 1542 ,‚
405 1500 463 1536 illi
501 1499 599 1539 suos,
636 1498 674 1534 δε
703 1498 746 1533 fic
773 1498 810 1533 in
840 1506 967 1536 antea,
1003 1496 1113 1531 donec
1230 1519 1255 1538 ‚‚
1283 1492 1452 1532 farinam,
1477 1505 1579 1540 quam
1608 1493 1806 1541 acceperint
1832 1507 1894 1542 pro
1917 1507 1989 1530 ma-

354 1573 379 1593 „
406 1549 591 1587 Ciottoius
619 1550 652 1583 &
680 1548 754 1596 ejus
782 1547 851 1583 filii
886 1548 920 1582 ὃ(
954 1546 1113 1581 homines
1232 1570 1256 1588 ,‚
1283 1543 1420 1579 cinare.
1457 1545 1499 1578 Et
1540 1543 1561 1578 fi
1598 1543 1800 1580 invenerint
1831 1546 1987 1593 aliquem

353 1625 380 1643 ‚,
407 1601 449 1637 de
487 1600 591 1649 Bar-gi
619 1599 720 1635 nobis
756 1595 1041 1636 observaverint,
1076 1595 1114 1631 fi·
1231 1620 1256 1638 ,‚
1282 1607 1324 1630 ex
1355 1593 1553 1641 Mugnariis
1590 1595 1645 1629 vel
1673 1594 1714 1630 de
1742 1595 1808 1630 suis
1837 1594 1989 1632 familia-

352 1676 380 1694 „
408 1661 467 1688 cut
497 1652 700 1700 juraverunt
729 1663 788 1699 per
813 1647 954 1684 omnia.
1158 1648 1191 1682 D
1232 1670 1257 1688 ‚‚
1283 1644 1379 1679 ribus
1416 1645 1457 1678 de
1493 1643 1604 1680 farina
1642 1646 1695 1680 vel
1726 1646 1847 1685 blava,
1885 1659 1990 1694 quam

404 1730 429 1749 „
457 1703 491 1753 §-
523 1715 604 1750 147.
632 1701 860 1748 Quicumque
897 1698 1027 1735 nostrae
1054 1696 1117 1733 Ci-
1234 1720 1258 1738 ‚‚
1286 1693 1484 1737 acceperint
1502 1717 1510 1731 2
1552 1696 1607 1729 vel
1649 1696 1762 1740 accipi
1814 1696 1989 1739 fecerint,

353 1780 379 1799 ‚,
407 1754 530 1790 vitatis
567 1751 760 1802 juraverint
796 1750 958 1798 deinceps
986 1749 1018 1785 se
1046 1762 1115 1784 non
1234 1771 1259 1789 ⁹,
1288 1744 1427 1794 puniam
1458 1757 1515 1779 eos
1544 1753 1582 1779 ut
1609 1743 1650 1779 de
1678 1743 1792 1780 furto.

357 1831 381 1849 ‚,
409 1806 474 1842 esse
500 1805 725 1840 Advocatum
751 1801 805 1851 (s)
832 1800 963 1836 nostrae
987 1799 1116 1836 Curiae
1285 1823 1309 1841 ‚‚
1338 1795 1370 1844 ᾗ.
1415 1806 1494 1841 ¹50·
1533 1795 1619 1831 Item
1659 1794 1681 1829 fi
1723 1796 1852 1844 aliquis
1893 1797 1991 1834 Civis

359 1882 383 1899 n
413 1870 474 1904 pro
500 1854 685 1895 Civitate‚
722 1854 779 1889 vel
812 1851 1007 1888 Castaldum
1023 1875 1033 1891 ,
1060 1850 1115 1886 seu
1235 1873 1261 1891 ,‚
1290 1846 1425 1882 Pistorii
1448 1846 1554 1881 fuerit
1575 1845 1662 1882 mihi
1679 1847 1876 1887 accusatus,
1898 1849 1991 1896 quod

360 1932 385 1949 „
412 1906 705 1955 Camarlingurn‚
742 1904 797 1940 vel
834 1901 1048 1942 Consulem,
1079 1902 1116 1936 in
1235 1925 1260 1942 „
1288 1898 1440 1945 aliquam
1468 1910 1603 1933 menam
1630 1907 1747 1934 teneat
1771 1912 1849 1935 cum
1874 1900 1993 1948 aliqua

357 1982 382 1999 „
409 1971 487 1994 meo
511 1956 673 1993 dominio
700 1968 769 1992 non
795 1953 1021 2003 permittam,
1048 1953 1117 1999 pla—
1236 1976 1260 1993 ‚‚
1287 1948 1473 1989 civitate,
1499 1950 1553 1984 vel
1577 1948 1719 1989 Castro,
1744 1960 1804 1985 aut
1824 1949 1994 1990 Comiter,

357 2031 383 2050 „
411 2008 512 2043 citari
549 2008 587 2043 in
616 2007 726 2043 nostra
753 2005 884 2045 Curia,
924 2003 963 2041 &
993 2003 1116 2040 Libras
1236 2028 1260 2044 ,‚
1288 2001 1343 2035 vel
1373 2000 1588 2047 Capitaneo.
1621 2013 1682 2047 pro
1711 2000 1905 2036 Communi
1935 2000 1992 2037 Pi-

359 2082 384 2101 „
413 2059 477 2092 lv.
514 2056 548 2092 ei
584 2058 732 2096 tollam,
766 2069 829 2091 nec
867 2055 1029 2094 reddam,
1057 2066 1118 2089 nec
1235 2079 1258 2095 „
1288 2050 1405 2092 storii,
1443 2050 1568 2098 absque
1606 2050 1748 2087 licentia
1782 2063 1879 2091 mea,
1916 2064 1994 2087 cen-

360 2133 386 2152 „
413 2107 510 2144 reddi
551 2106 701 2142 faciam.
739 2107 785 2139 Et
822 2104 845 2137 fi
885 2117 956 2138 non
997 2113 1119 2148 potero
1162 2103 1185 2133 E
1236 2110 1362 2141 ‚‚.tum
1402 2102 1538 2135 Sotidos
1566 2101 1597 2134 ei
1637 2102 1784 2140 tollam,
1823 2115 1885 2136 nec
1921 2101 1998 2138 red-

361 2184 388 2203 „
414 2158 539 2193 habere
579 2157 783 2193 Advocatos
824 2151 955 2203 Legis,
991 2149 1118 2198 eligam
1200 2139 1207 2193 ἱ
1235 2174 1260 2191 „
1287 2147 1388 2188 dam,
1415 2160 1477 2182 nec
1503 2148 1600 2185 reddi
1628 2149 1774 2185 faciam.
1801 2152 1848 2185 Et
1872 2151 1896 2185 fi
1923 2164 1995 2187 non

1793 2226 1818 2244 „
1847 2209 1946 2249 pote-

442 2299 502 2338 (f)
523 2299 692 2330 advocatus
720 2297 752 2328 in
775 2294 879 2336 questo
901 2293 996 2334 luogo
1018 2292 1059 2324 sta
1089 2301 1141 2338 per
1163 2289 1314 2336 difensnre
1338 2290 1387 2321 del
1410 2289 1573 2336 Comune.
1605 2290 1633 2321 E
1655 2290 1748 2331 questi
1778 2289 1799 2323 fi
1825 2292 1997 2326 riconosco-

361 2350 405 2374 no
433 2340 484 2372 nel
507 2340 677 2372 Giudicato
706 2337 787 2369 fatto
816 2335 869 2368 nel
899 2337 984 2369 116³.
1008 2332 1117 2364 Cotah
1142 2334 1300 2363 Avvocau
1332 2341 1426 2362 erano
1456 2331 1485 2362 dr
1515 2332 1573 2362 due
1602 2329 1702 2364 sorte.
1732 2332 1764 2363 Si
1793 2331 1996 2366 chiamavano

362 2380 511 2412 Advocati
534 2380 636 2420 Legis,
658 2390 675 2411 e
717 2377 790 2410 uesti
813 2386 907 2408 erano
929 2376 938 2406 i
964 2373 1074 2413 Legisti
1097 2384 1114 2405 e
1138 2373 1265 2404 Dottori
1290 2373 1318 2402 di
1347 2371 1463 2412 Leage.
1498 2370 1582 2402 Altri
1612 2372 1662 2411 poi
1693 2371 1714 2403 fi
1735 2372 1938 2406 chiamavano
1960 2386 1993 2406 ex

361 2420 435 2461 usu,
464 2431 580 2453 ovvero
607 2421 643 2451 de
671 2432 688 2450 ιι
706 2431 743 2458 u,
772 2418 809 2450 ed
837 2427 931 2448 erano
953 2415 962 2446 i
988 2414 1156 2446 Prorettori
1186 2413 1234 2444 del
1257 2411 1423 2450 Comune,
1440 2422 1528 2443 come
1558 2411 1715 2444 sarebbero
1746 2412 1827 2452 pel·⁸
1849 2416 1993 2454 ezemplo

360 2461 405 2500 gli
429 2461 689 2499 Ambasciadori,
717 2469 834 2492 ovvero
864 2456 997 2488 [nviati.
1031 2454 1097 2486 Nel
1126 2462 1309 2486 mentovato
1339 2453 1510 2484 Giuiicato
1539 2453 1581 2483 mi
1612 2452 1767 2492 suppongo
1795 2454 1851 2485 che
1880 2455 1909 2486 di
1943 2456 1992 2487 Pi.

360 2502 437 2534 stoia
465 2513 504 2534 ne
537 2501 646 2533 fussero
675 2500 716 2540 gli
743 2501 900 2531 Avvocat'r
930 2508 946 2528 e
979 2496 1106 2528 Dottori
1131 2496 1160 2526 di
1193 2494 1308 2533 Legge:
1340 2503 1356 2524 e
1388 2493 1443 2525 tali
1474 2493 1584 2524 suffero
1614 2493 1795 2526 Maienetto
1819 2494 1928 2527 Giolla
1954 2496 1992 2529 da

359 2542 498 2583 Pistoia,
530 2541 750 2574 Ildobrandino
779 2541 807 2571 di
838 2537 945 2570 Guido
973 2538 1010 2568 da
1043 2536 1178 2575 Pistoia‚
1207 2546 1223 2567 e
1255 2533 1435 2566 Astanrollo
1466 2534 1503 2565 da
1536 2532 1673 2566 Pistoia.

440 2587 484 2620 (r)
505 2594 581 2625 quae
602 2582 711 2613 dantur
733 2581 764 2611 in
787 2579 907 2615 Pascis:
931 2577 1081 2620 dubiterei
1106 2576 1162 2611 che
1192 2587 1257 2611 non
1279 2573 1393 2609 volesse
1414 2574 1479 2608 dire
1509 2574 1551 2606 κε’
1565 2573 1707 2615 definart',
1728 2576 1795 2610 cioe
1823 2577 1856 2611 in
1877 2573 1988 2616 pastis.

359 2623 390 2656 Ο
419 2635 491 2665 pure
519 2622 593 2658 vuol
620 2623 685 2655 dire
714 2621 745 2654 al
773 2629 865 2662 tempo
893 2618 974 2652 della
1001 2620 1140 2658 Fasqua.
