2201 3021
378 208 469 271 583,

674 210 1093 266 ANTIQUIT,
1135 209 1365 251 MEDII
1404 211 1588 252 AEVI

1189 289 1209 303 „
1236 264 1304 301 five
1331 266 1432 303 tallia
1459 268 1634 304 ditiorum
1664 267 1831 306 Militum
1860 278 1954 308 Com-

315 288 333 303 „
360 277 413 300 res
458 277 497 300 in
544 264 645 316 plena
687 266 875 303 concordia
917 267 1074 302 fecerunt
1114 270 1148 303 A

315 341 335 355 .,
363 315 594 363 partitionem
631 314 808 354 dictorum
836 326 1073 354 trecentorum

314 391 323 404 .
361 365 529 403 Militum
569 367 665 405 inter
713 367 809 405 dista

858 367 1074 405 Communia

317 442 335 457 η
362 418 430 453 hoc
457 418 583 460 modo,
610 418 766 456 scilicet.
796 421 904 464 Quod
932 424 1074 455 Commu-

360 480 400 503 ne
425 471 610 505 Mediolani
638 483 700 518 pro
726 469 802 516 ipso
829 474 867 504 in
896 479 993 518 parte
1016 470 1074 506 sua

314 521 567 569 „‘Nonaginta
609 520 694 555 duos
737 518 880 555 Milites
920 520 1074 568 recipere

312 596 333 610 ‚.
359 570 481 607 debeat
505 569 544 606 δε
572 570 727 614 soldare,
756 569 892 606 scilicet
915 569 1072 619 sexagin-

313 646 334 659 υ
359 629 396 656 ta
422 632 530 656 unum
558 633 638 656 cum
678 620 790 658 tribus
816 620 939 669 equis,
974 622 1010 657 δι
1037 635 1072 657 a-

324 695 332 708 ,
357 670 427 706 lios
467 683 549 707 cum
588 672 748 709 duobus.

788 677 955 708 Commune
997 676 1071 708 Ale-

312 746 330 759 ‚.
358 723 525 757 xandriae
565 736 630 771 pro
679 733 777 772 parte
819 723 878 760 sua
917 723 1071 773 recipere

324 797 332 811 ,
358 772 482 808 debeat
506 774 537 808 δε
565 774 698 810 soldare
720 776 893 810 Duodecim
915 777 1069 815 Milites,

358 822 493 860 scilicet
520 824 604 861 cao
631 838 711 861 cum
739 826 852 862 tribus
882 826 1003 875 equis,
1031 825 1068 862 ἂ

309 899 330 913 2,
357 874 445 910 alios
473 888 552 912 cum
577 876 733 912 duobus.
761 883 929 912 Commune
951 887 1068 913 autem

311 951 332 965 „
361 929 524 961 Mantuae
550 926 588 962 in
617 938 714 975 parte
741 927 798 964 sua
835 928 988 978 recipere
1015 928 1071 964 de—

321 1001 331 1015 ,
358 976 436 1012 beat
461 976 498 1014 &
523 977 656 1015 soldare
679 979 824 1028 Viginti
847 992 976 1016 novem
996 979 1070 1015 Mi-

321 1053 329 1066 ,
356 1027 460 1068 lites,
497 1027 634 1065 scilicet
671 1030 804 1079 viginti
840 1044 920 1067 cum
957 1030 1068 1067 tribus

353 1078 473 1124 equis,
500 1080 535 1113 &
563 1080 652 1115 alios
689 1093 769 1116 cum
797 1081 952 1118 duobus.
979 1087 1069 1117 Com-

321 1153 328 1167 ,
355 1139 446 1162 mune
473 1136 590 1165 autem
620 1132 798 1166 Novariae
823 1131 863 1167 in
889 1140 988 1181 parte
1012 1132 1068 1168 sua

353 1177 498 1227 Viginti
535 1190 688 1229 quatuor
728 1180 894 1227 Milites,
931 1181 1070 1219 scilicet

306 1255 323 1269 ‚2
353 1229 526 1266 sexdecim
548 1244 627 1268 cum
647 1232 760 1269 tribus
779 1233 902 1283 equis,
921 1232 960 1272 &
980 1233 1069 1271 alios

303 1305 323 1319 ,2
352 1293 429 1316 cum
459 1281 614 1320 duobus.
642 1289 810 1319 Commune
836 1293 954 1321 autem
983 1289 1070 1320 Fer-

304 1356 322 1370 „
351 1333 465 1365 rar-iae
492 1333 529 1368 in
557 1343 655 1380 parte
681 1334 739 1371 sua
767 1335 913 1385 Viginti
938 1335 1068 1386 septem

305 1405 324 1420 2,
354 1381 494 1416 Milites
512 1408 522 1422 ‚

301 1555 323 1571 ’2

302 1606 321 1622 >2

566 1383 702 1418 scilicet
744 1386 863 1421 decem
906 1386 945 1422 &
986 1387 1069 1422 osto

353 1443 432 1466 cum
474 1431 586 1468 tribus
622 1433 745 1480 equis,
786 1435 820 1468 δε
857 1435 947 1470 alios
988 1449 1067 1470 cum

352 1481 507 1517 duobus.
545 1488 715 1517 Commune
751 1493 868 1519 autem
912 1488 1069 1520 Bononiae

349 1531 386 1565 in
431 1540 529 1578 parte
571 1532 629 1567 sua
671 1533 859 1581 Sexaginta
912 1535 1069 1582 quinque

350 1581 518 1624 Milites,
557 1581 694 1618 scilicet
730 1583 963 1632 quadraginta
999 1594 1068 1621 tres

351 1645 428 1668 cum
467 1632 580 1669 tribus
616 1633 739 1681 equis,
779 1635 813 1669 δι
857 1634 948 1670 alios
988 1648 1068 1672 cum

350 1683 483 1719 duobus
502 1710 511 1720 .
552 1690 722 1719 Commune
755 1693 873 1721 autem
912 1687 1069 1721 Mutinae

304 1759 322 1772 ‚‚
350 1735 386 1769 in
417 1744 512 1782 parte
541 1734 598 1771 sua
636 1736 780 1784 Viginti
817 1735 874 1772 sex
903 1735 1068 1778 Milites,

305 1810 322 1823 ‚‚
351 1784 487 1822 scilicet
514 1786 632 1823 decem
667 1786 704 1823 &
735 1787 863 1836 septem
895 1801 974 1824 cum
1003 1788 1066 1825 tri—

306 1861 324 1875 „
355 1836 414 1873 bus
452 1837 574 1883 equis,
611 1836 649 1874 &
677 1839 764 1874 alios
801 1851 880 1874 cum
909 1839 1066 1876 duobus.

306 1913 326 1927 ³,
353 1888 399 1921 Et
426 1887 488 1937 ipsi
516 1888 775 1926 Ambaxatores
802 1889 1065 1927 consenserunt.

306 1964 324 1976 „
352 1939 396 1971 Et
422 1952 498 1975 cum
527 1939 593 1976 hoc
617 1940 721 1984 esset,
746 1940 840 1989 quod
864 1943 1066 1978 Commune

356 1988 498 2025 Brixiae
526 1990 747 2028 commisisset
784 1992 822 2028 in
850 1991 963 2040 ipsum
994 1995 1066 2029 Do-

320 2063 326 2075 ,
355 2038 490 2076 minum
519 2042 769 2086 cardinalem,
800 2044 895 2088 quod
921 2043 995 2090 ipse
1021 2045 1066 2080 il-

323 2114 329 2126 ,
356 2090 427 2125 lam
451 2090 587 2125 talliam
602 2117 613 2133 ‚
636 2103 741 2137 quam
765 2093 895 2130 vellet,
917 2094 952 2126 &
977 2105 1066 2137 quae

354 2138 416 2175 fibi
455 2141 629 2187 placeret,
656 2140 698 2176 de
735 2140 902 2189 predifi'ds
928 2140 1064 2176 Militi-

306 2217 325 2231 „
354 2190 416 2226 bus
440 2190 582 2225 deberet
606 2190 686 2226 dare
709 2192 743 2226 &
768 2190 933 2240 affignare
957 2192 1065 2227 Com-

305 2268 325 2283 ,‚
353 2240 453 2277 muni
481 2240 645 2286 Brixiae,
681 2242 714 2276 &
744 2242 837 2289 quod
865 2244 1065 2278 Commune

304 2319 323 2333 ‚‚
352 2291 494 2328 Brixiae
531 2291 630 2341 super
665 2290 732 2328 hoc
772 2292 866 2328 suam
904 2293 1065 2328 volunta-

303 2370 322 2385 ’1

351 2352 420 2380 tem
457 2342 646 2393 impleret3
684 2344 718 2379 δ(
756 2342 828 2391 ipse
866 2342 932 2379 hoc
962 2343 1000 2380 in
1033 2343 1064 2381 se

302 2421 322 2435 ‚‚
350 2393 530 2444 recepisset
565 2394 607 2430 de
644 2393 809 2430 consensu
842 2394 1064 2431 Ambaxato-

300 2471 320 2486 μ

297 2522 316 2537 ’5

348 2458 425 2481 rum
453 2444 654 2482 civitatum
684 2445 942 2494 predic’tarum:
973 2455 1064 2482 tam-

345 2495 424 2532 dem
453 2495 626 2545 predieius
656 2498 833 2534 Dominus
860 2496 1062 2533 Cardinalis

296 2547 439 2588 „dedit
475 2549 507 2584 &
546 2546 731 2597 assignavit
766 2561 828 2598 pro
864 2546 922 2584 sua
960 2558 1058 2598 parte

1110 1631 1141 1664 D

1809 214 1899 269 584

1187 339 1208 355 2,
1234 318 1321 352 muni
1348 320 1492 354 Brixiae
1526 318 1669 368 Viginti
1695 320 1851 369 quinque
1877 325 1953 361 Mi-

1189 390 1209 406 „
1235 367 1339 412 lites,
1366 368 1504 406 scilicet
1528 370 1701 407 sexdecim
1729 385 1810 409 cum
1836 374 1950 413 tribus

1188 441 1208 456 η
1235 418 1355 467 equis,
1383 422 1416 455 &
1445 421 1534 457 alios
1561 434 1640 457 cum
1668 422 1830 461 duobus.
1858 427 1951 464 Item

1190 492 1211 508 2,
1239 470 1387 518 prediEii
1439 484 1560 508 omnes
1601 474 1862 513 Ambaxatores
1910 479 1948 514 δε

1188 543 1208 558 υ
1232 520 1369 557 Sindici
1393 521 1645 559 ordinaverunt
1671 524 1710 560 in
1737 526 1838 574 plena
1866 541 1951 565 con-

1188 594 1208 609 „
1233 571 1353 607 cordia
1379 584 1458 608 cum
1488 572 1645 621 predicto
1673 576 1831 613 Domino
1857 577 1946 616 Car-

1189 645 1210 660 „
1237 620 1351 658 dinali
1387 623 1575 660 custodiam
1605 627 1794 663 Terrarum
1826 627 1865 666 δι
1892 630 1945 666 lo-

1188 697 1206 710 ‚,
1234 685 1374 714 corum,
1410 687 1477 722 que
1503 686 1608 712 erunt
1633 678 1675 713 de
1707 677 1802 714 ditia
1830 680 1947 717 socie-

1188 747 1205 761 „
1232 732 1327 768 tate,
1348 724 1416 761 sive
1436 726 1496 761 sub
1520 726 1597 775 ipso
1621 729 1782 776 Legae,
1801 731 1835 764 δε
1858 743 1947 777 quae

1187 798 1204 812 ,‚
1233 774 1383 812 custodi-a
1420 775 1602 826 indigent.
1638 780 1740 824 Quae
1770 779 1948 821 custodia,

1184 849 1204 863 ‚›
1230 824 1298 862 five
1333 827 1432 876 cujus
1468 827 1641 865 custodiae
1676 828 1847 878 expensae
1882 843 1947 878 pro

1183 900 1202 914 η
1230 875 1380 914 dimidia
1422 888 1517 927 parte
1560 893 1622 928 pro
1665 879 1819 916 Ecclesia
1868 880 1947 917 fieri

1183 951 1203 965 ⁷,
1227 927 1375 965 debeant
1399 928 1438 966 ἃ
1467 930 1623 979 portari,
1651 932 1685 966 &
1712 944 1777 980 pro
1798 931 1869 967 alia
1893 931 1947 968 di-

1182 1003 1201 1016 „
1228 978 1338 1016 midia
1375 993 1435 1029 per
1461 995 1542 1024 eos,
1579 981 1643 1030 qui
1671 981 1750 1017 sunt
1779 981 1822 1017 de
1849 981 1946 1018 dista

1182 1054 1201 1066 ‚‚
1229 1030 1427 1075 societate,
1454 1033 1489 1067 8<
1517 1031 1584 1067 hoc
1613 1041 1756 1081 portare
1781 1032 1946 1080 possunt.

1182 1104 1200 1117 η
1227 1082 1325 1126 Quas
1349 1082 1514 1130 expensas
1538 1092 1750 1120 taxaverunt
1773 1085 1807 1118 &
1831 1083 1945 1119 decla-

1183 1155 1202 1169 „
1228 1141 1394 1168 taverunt
1420 1133 1544 1169 debere
1571 1135 1696 1183 colligi
1723 1135 1757 1170 8<
1783 1134 1946 1183 praestari

1179 1205 1199 1221 n
1225 1181 1264 1218 in
1300 1185 1501 1232 quantitate
1536 1185 1817 1232 Quatuordecim
1854 1184 1946 1221 Mil·

1179 1258 1198 1272 η
1225 1234 1316 1270 lium
1367 1235 1557 1272 Librarum
1607 1235 1850 1283 Imperialium
1902 1234 1946 1271 ad

1180 1308 1200 1323 ‚,
1227 1297 1412 1321 mezanos.
1448 1287 1539 1321 Item
1577 1286 1672 1332 quod
1709 1285 1805 1322 ditia
1837 1285 1947 1321 cusio-

1183 1360 1201 1374 ‚‚
1228 1335 1286 1372 dia
1314 1338 1504 1372 Terrarum
1533 1334 1571 1373 &
1599 1337 1759 1373 locorum
1787 1336 1946 1384 incipere

1181 1412 1201 1425 ‚‚
1228 1386 1354 1422 debeat
1389 1400 1408 1422 a
1447 1387 1617 1422 Kalendis
1655 1386 1792 1433 Aprilis
1829 1387 1951 1433 proxi-

1182 1460 1200 1474 „
1229 1435 1302 1478 mi,
1339 1437 1373 1470 &
1411 1436 1454 1470 ab
1490 1435 1572 1470 inde
1610 1435 1733 1471 durare
1769 1434 1876 1484 usque
1903 1436 1946 1473 ad

1179 1511 1199 1525 „
1227 1498 1355 1521 annum
1399 1484 1471 1522 ἃς.
1515 1487 1605 1521 Item
1651 1485 1916 1522 declaraverunt
1933 1513 1945 1533 ‚

1181 1561 1199 1574 „
1227 1535 1286 1571 has
1322 1536 1388 1572 effe
1424 1539 1552 1574 Terras
1590 1537 1624 1573 8<
1662 1539 1743 1573 loca
1779 1537 1822 1573 de
1849 1537 1946 1574 difi'ta

1180 1611 1199 1625 ‚,
1226 1587 1423 1629 Societate‚

1181 1660 1200 1675 „
1226 1636 1320 1672 xilio
1357 1638 1471 1673 diciae
1509 1638 1679 1674 custodiae
1707 1637 1744 1674 ὅ(
1782 1639 1947 1687 expensa-

1181 1711 1201 1726 „
1228 1699 1302 1722 rum
1322 1687 1506 1735 indigent:
1534 1688 1670 1724 scilicet
1691 1695 1841 1723 Parmam
1862 1703 1942 1727 cum

1182 1764 1203 1777 ,‚
1229 1736 1299 1773 suis
1326 1738 1437 1777 locis,
1464 1750 1532 1786 que
1568 1737 1719 1773 custodia
1756 1739 1943 1787 indigent:

1182 1815 1200 1829 n
1224 1790 1322 1826 Loca
1337 1791 1531 1833 Reginorum
1543 1812 1553 1827 ,
1570 1790 1848 1830 Placentinorum,
1865 1794 1946 1825 Cre—

1181 1866 1200 1880 „
1228 1842 1435 1886 monenfium,
1472 1841 1506 1876 δε
1534 1841 1772 1883 Vei-cellenfium
1808 1840 1943 1877 extrin-

1180 1917 1200 1931 ‚,
1227 1889 1408 1927 secorum:
1452 1890 1491 1927 &
1532 1890 1601 1927 tria
1644 1892 1755 1938 Castra
1808 1894 1944 1937 Lodoyci

1182 1968 1201 1983 ‚‚
1228 1944 1368 1977 Comitis
1407 1946 1550 1977 Veronae
1591 1941 1728 1978 scilicet
1770 1945 1943 1984 Gardam,

1180 2020 1199 2034 „
1226 1997 1353 2028 Gazam
1371 2020 1381 2037 ,
1422 1994 1456 2028 &
1507 1994 1662 2035 Valefium
1680 2009 1690 2026 .·
1732 1994 1913 2039 Trivisium
1932 2010 1941 2026 ,-

1179 2071 1198 2085 ‚,
1226 2046 1369 2089 Castrum
1390 2045 1524 2079 Domini
1546 2044 1706 2089 Beaquini
1728 2047 1766 2079 de
1787 2045 1947 2089 Camino,

1180 2119 1198 2132 ‚‚
1227 2094 1364 2128 scilicet
1404 2097 1680 2135 Grndignaenum5
1721 2095 1756 2128 &
1800 2096 1940 2138 Castra,

1179 2169 1197 2181 ‚,
1224 2154 1313 2189 quae
1353 2140 1433 2177 sunt
1472 2141 1509 2176 in
1554 2141 1681 2186 podere
1719 2145 1945 2180 Lendimriae

1178 2219 1197 2233 ‚‚
1225 2192 1263 2227 in
1291 2191 1489 2228 confinibus
1513 2193 1630 2227 versus
1654 2191 1847 2232 inimicos,
1876 2194 1942 2230 sci-

1179 2269 1199 2283 „
1226 2242 1338 2281 licet,
1374 2244 1637 2287 Anguillariam,

1176 2320 1196 2333 „
1224 2294 1426 2329 Abbadiam.
1454 2294 1502 2328 Et
1528 2305 1607 2329 cum
1635 2291 1725 2329 diffl
1757 2295 1939 2334 Ambaxa-

1178 2371 1196 2384 „
1224 2352 1318 2380 tores
1359 2342 1601 2380 consenfiffent
1645 2344 1703 2380 die
1747 2345 1940 2385 Dominica

1177 2423 1195 2436 ,‚
1224 2394 1422 2444 precedenti
1446 2394 1544 2442 super
1565 2394 1671 2431 ἀὶξὶίε
1691 2395 1845 2444 expensis
1864 2412 1942 2435 om-

1180 2473 1197 2486 „
1225 2446 1329 2483 nibus
1355 2446 1555 2482 dividendis
1582 2445 1620 2482 in
1648 2446 1799 2483 custodia
1827 2447 1938 2486 dista-

1176 2524 1194 2537 „
1222 2511 1299 2534 rum
1327 2499 1516 2534 Terrarum
1545 2497 1587 2533 ad
1612 2497 1874 2543 dispositionem
1900 2501 1938 2538 &

1175 2574 1194 2588 n
1221 2548 1409 2586 arbitrium
1445 2548 1547 2598 ipsius
1576 2548 1730 2587 Domini
1768 2548 1942 2588 cardina„

1460 1601 1528 1636 que
1565 1587 1742 1628 custodia,
1779 1587 1847 1624 five
1886 1602 1946 1625 au-

1683 2244 1840 2288 Pttffiwm
1856 2271 1867 2287 ‚
1904 2246 1943 2284 &

1763 2624 1784 2642 2,
1810 2601 1854 2637 lis
1869 2613 1878 2638 :
