2201 3021
328 226 403 264 161

1745 232 1822 269 162

259 408 1879 521 DISSERTATIO

403 612 1732 693 QUADRAGEszMAom-AVA,

269 793 358 820 35⁷²—-
420 817 436 820 ⁷,
604 820 613 823 -

296 821 321 838 *⁷²
374 822 439 843 ””’ξ
610 846 617 850 ’
666 830 817 865 rioribus
853 828 1007 869 ostendi,

558 884 566 913 L
610 901 617 908 2
668 881 863 928 complures
899 893 917 915 e
946 879 1008 916 Ci-

558 973 563 977 .
668 930 838 965 vitatibus
874 929 1008 965 Italicis

522 1003 535 1012 a
553 979 566 1024 J
580 981 594 999 ”¹
612 1006 615 1012 ,
667 979 732 1016 sese
752 981 788 1016 in
809 980 1008 1016 libertatern

527 1027 613 1049 Ψ
667 1040 847 1066 erexerant
866 1031 1009 1066 Saeculo

531 1079 533 1081 ’
573 1083 583 1086 ’
667 1080 883 1116 Christianae
897 1083 1009 1116 Aer-ae

618 1141 621 1144 ‘
669 1130 869 1167 Undecimo
884 1158 896 1175 ‚
955 1131 1008 1166 sed

250 1183 435 1230 praecipue
474 1182 715 1218 Duodecimo.
747 1184 794 1217 Et
830 1183 928 1217 nulla
965 1195 1006 1217 ex

249 1233 296 1268 iis
323 1231 471 1268 fortaffis
498 1243 593 1276 erat,
618 1246 706 1281 quae
734 1233 1007 1281 Imperatoribus
1046 1242 1074 1276 Β

250 1282 399 1321 subesse,
435 1296 624 1331 eorumque
663 1283 856 1330 supremam
892 1283 1006 1318 domi-

246 1336 428 1368 nationem
463 1333 645 1381 agnoscere
681 1334 813 1368 nollet.
843 1334 1005 1381 Singulae

245 1382 312 1418 hoc
355 1382 501 1417 minime
542 1383 719 1418 molestum
761 1383 821 1418 fibi
840 1407 850 1422 ,
892 1383 1004 1418 immo

247 1442 444 1480 pergratum
482 1432 546 1467 esse
574 1433 796 1468 fatebantur.
825 1433 886 1468 Sed
916 1435 1003 1468 Cae-

244 1481 347 1517 sareis
387 1482 618 1522 Praefid1bus,
647 1482 712 1518 hoc
750 1482 793 1518 est
823 1482 1003 1518 Marchio-

244 1532 371 1572 nibus,
399 1531 607 1569 Comitibus
634 1535 699 1569 διε.
727 1533 878 1582 amplius
908 1547 1002 1580 pare-

242 1595 302 1622 re,
327 1583 361 1618 &
390 1584 431 1618 ab
458 1583 503 1619 iis
531 1583 635 1620 finere
663 1583 729 1619 sese
766 1583 802 1619 in
833 1583 998 1631 posterum

241 1632 337 1681 regi,
365 1632 400 1668 id
429 1632 506 1669 sane
530 1643 606 1670 tota
634 1634 743 1670 animi
771 1635 999 1669 contentione

240 1681 504 1719 detreffiabant.
551 1684 695 1719 Interim
744 1692 841 1717 tanta
885 1695 997 1717 rerum

239 1733 417 1769 converfio
445 1732 623 1774 nondum,
648 1732 702 1767 uti
732 1731 893 1773 videtur,
914 1732 998 1768 ullis

240 1783 474 1831 Augustorum
526 1781 730 1829 privilegiis
780 1782 998 1829 generalibus

240 1837 410 1879 probata,
438 1833 565 1867 nedum
604 1831 822 1868 constabilita
860 1831 971 1867 fuerat
989 1859 997 1868 .

240 1883 445 1922 Tacebant‚
474 1882 709 1918 connivebam
747 1884 975 1928 Imperatores
988 1911 997 1926 ‚

241 1940 345 1979 atque
372 1945 414 1967 ex
439 1931 514 1980 ipso
539 1946 656 1968 eorum
681 1932 819 1968 filentio
845 1934 994 1968 multum

241 1982 325 2030 juris
347 1981 406 2017 fibi
429 1981 594 2018 acceffisse
606 1982 781 2018 Civitates
803 1984 993 2033 putabant3

236 2032 450 2068 consuetudo
476 2034 571 2068 enirn
602 2033 673 2068 vim
705 2033 792 2081 legis
819 2047 858 2068 ac
887 2034 994 2081 privi-

235 2082 322 2131 legii
358 2082 533 2118 interdum
573 2081 634 2118 fibi
670 2083 708 2119 in
746 2083 903 2127 politicis
938 2097 994 2119 ne*
1023 2098 1026 2121 ε

236 2133 344 2180 gotiis
371 2133 561 2169 conciliat.
589 2132 629 2169 In
657 2146 699 2169 eo
729 2133 814 2169 statu
844 2148 894 2169 res
924 2136 993 2170 Ita-

234 2183 325 2218 licae
361 2193 484 2222 erant,
521 2196 629 2231 quum
671 2187 778 2219 Anno
817 2184 992 2222 MCLIV.

234 2234 348 2268 Aerae
390 2232 632 2274 Christianae,
673 2234 711 2269 in
753 2234 892 2270 Italiam
935 2235 992 2271 deu

233 2282 368 2318 scendit
395 2284 631 2319 Romanorum
660 2286 735 2319 Rex
761 2284 890 2321 eleaus
917 2286 991 2322 Fri-

233 2333 369 2369 dericus
406 2334 434 2367 1.
471 2332 525 2368 vir
551 2334 616 2369 alti
652 2334 784 2374 animi,
821 2335 908 2371 acris
939 2335 991 2371 in-

235 2384 359 2431 genii,
397 2383 656 2431 multarumque
695 2384 868 2420 virtutum
910 2398 992 2421 con-

236 2433 329 2469 sensu
357 2444 524 2482 ornatus;
553 2447 640 2481 quae
676 2433 787 2474 ipsum
816 2435 856 2470 ad
885 2434 991 2472 subli-

233 2497 290 2520 me
314 2485 452 2521 culmen
479 2484 611 2533 gloriae
636 2484 754 2520 efferre
780 2485 989 2531 potuissent,

1020 2195 1025 2353 1

1035 2136 1078 2178 DL

1073 2192 1078 2286 1

1068 2288 1077 2526 l

646 779 696 815 Ti
735 778 804 826 jam
841 777 878 813 in
913 778 1007 827 supe·
1034 782 1081 817 lA
1114 787 1170 816 tae
1215 778 1402 828 conjunsta
1445 780 1619 819 eximium
1642 786 1644 789 '
1669 782 1784 819 virum
1836 786 1875 822 in

1115 843 1274 878 praeceps
1316 829 1457 865 tandem
1498 831 1668 879 egiffent,
1713 834 1876 871 Adduce—

1115 882 1174 916 bat
1209 880 1272 916 ille
1304 879 1417 915 secum
1456 883 1702 930 praegrandem
1740 885 1873 932 cupidi*

1116 939 1223 967 tatem
1265 930 1464 966 restituendi
1516 933 1677 969 Romano
1720 935 1873 982 Imperio

1115 982 1296 1027 antiquam
1324 980 1472 1025 faciem,
1500 982 1533 1017 8<
1567 985 1791 1033 recuperandi
1820 986 1871 1034 ju-

1114 1045 1151 1067 ra
1179 1032 1384 1068 Italicorum
1424 1034 1558 1080 Regum
1595 1035 1628 1068 &
1658 1034 1872 1079 Caesarum,

1115 1095 1202 1129 quae
1230 1082 1322 1117 inter
1357 1081 1545 1118 seditiones
1582 1083 1620 1120 δε
1659 1085 1750 1121 bella
1779 1099 1870 1135 prae-

1115 1133 1314 1168 cedentium
1357 1142 1554 1181 temporum
1595 1134 1724 1182 pessum
1762 1138 1872 1183 plera<

1114 1196 1181 1230 que
1207 1183 1346 1219 ierant.
1375 1185 1499 1231 Neque
1526 1183 1711 1221 defiderata
1739 1186 1784 1222 est
1809 1201 1870 1236 opa

1115 1233 1338 1280 portunitas,
1374 1243 1414 1268 ut
1450 1234 1525 1269 voti
1568 1247 1712 1283 compos
1748 1235 1874 1276 fieret.

1115 1285 1272 1330 Inclytae
1300 1283 1412 1319 Urbis
1441 1283 1712 1322 Mediolanenfis
1750 1297 1872 1335 poten<

1113 1334 1164 1369 tia
1201 1348 1240 1369 ac
1281 1334 1372 1369 fama
1410 1343 1484 1369 tum
1528 1337 1679 1382 propriis
1715 1338 1870 1384 opibus,

1113 1395 1187 1419 tum
1216 1384 1362 1420 Civium
1391 1383 1644 1425 multitudine,
1673 1399 1711 1421 ac
1738 1388 1869 1424 artium

1113 1434 1316 1470 bellicarum
1341 1434 1470 1474 studio,
1492 1433 1590 1483 supra
1617 1446 1745 1472 ceteras
1772 1440 1869 1474 Lon-

1111 1484 1296 1532 gobardiae
1332 1484 1510 1521 Civitates
1547 1485 1756 1533 assurgebat.
1797 1490 1867 1523 Ne<

1110 1548 1176 1577 que
1198 1535 1265 1570 suis
1290 1533 1419 1570 finibus
1439 1536 1597 1570 contenti
1619 1536 1723 1571 Cives
1746 1535 1865 1582 (quod

1110 1584 1184 1619 fieri
1223 1584 1330 1622 solet,
1368 1584 1427 1619 ubi
1465 1585 1554 1618 vires
1595 1583 1666 1619 suas
1704 1584 1865 1623 homines

1109 1633 1288 1678 sentiunt)
1326 1632 1386 1666 fibi
1426 1633 1734 1676 Novocomenses,
1771 1637 1864 1673 Lau-

1108 1682 1250 1720 denses,
1279 1681 1434 1728 allosque
1474 1684 1711 1719 conterminos
1752 1687 1864 1734 Popu-

1107 1733 1181 1775 los,
1209 1731 1348 1768 infl16³c0
1379 1732 1495 1773 bello,
1526 1731 1586 1768 fibi
1621 1734 1862 1783 obtemperare

1106 1787 1312 1829 co'e'gerant.
1340 1780 1583 1817 Ticinenfibus
1611 1783 1717 1819 etiarn
1736 1813 1746 1828 ‚
1775 1786 1862 1822 Cre-

1106 1831 1345 1872 monensibus,
1373 1831 1518 1878 aliisque
1559 1831 1723 1869 finitimis
1754 1834 1859 1873 Urbi-

1106 1883 1188 1923 bus,
1209 1881 1246 1918 ἃ
1276 1880 1480 1917 Marchioni
1506 1881 1763 1921 Montisferrati
1797 1887 1861 1922 rni-

1104 1933 1332 1970 nitabantur‚
1373 1945 1411 1967 ac
1458 1932 1587 1968 bellum
1634 1934 1857 1974 inferebant:

1103 1996 1190 2028 quae
1227 1996 1278 2019 res
1306 1983 1498 2018 multorum
1535 1984 1655 2020 odium
1693 1985 1731 2022 ὅ(
1769 1987 1858 2024 iram

1102 2034 1140 2070 in
1168 2033 1258 2077 ipsos
1295 2033 1490 2069 convertit.
1520 2034 1593 2070 Vix
1630 2049 1710 2084 ergo
1740 2039 1857 2074 Fride-

1102 2084 1193 2120 ricus
1239 2082 1459 2119 formidando
1509 2085 1664 2122 exercitu
1714 2087 1856 2132 stipatus

1103 2134 1242 2170 Italiam
1286 2133 1461 2177 intravit,
1504 2148 1611 2182 quum
1658 2138 1857 2184 conjuratae

1101 2184 1277 2221 Civitates
1301 2185 1511 2224 nonnullae,
1536 2186 1568 2220 &
1593 2186 1731 2234 aliquot
1759 2190 1856 2226 Prin-

1101 2235 1193 2282 cipes
1221 2235 1380 2271 advers-hs
1408 2234 1708 2273 Mediolanensem
1743 2241 1854 2287 Popu-

1099 2287 1173 2321 lum
1204 2285 1339 2321 animos
1379 2284 1466 2331 Regi
1503 2286 1691 2327 addidere,
1718 2290 1852 2335 alioqui

1099 2336 1168 2384 jam
1205 2335 1324 2377 irato,
1360 2335 1453 2381 quod
1496 2337 1587 2372 male
1624 2350 1642 2372 a
1679 2338 1854 2375 Mediola-

1099 2384 1256 2421 nenfibus
1277 2385 1411 2432 accepti
1430 2386 1560 2422 Nuntii
1582 2386 1632 2424 sui
1655 2399 1753 2425 antea
1777 2390 1857 2425 fais-

1099 2435 1194 2471 sent.
1233 2439 1321 2470 Tunc
1358 2435 1612 2481 Mediolanenses
1649 2438 1716 2486 (ut
1746 2441 1856 2476 verz-,33

1100 2485 1296 2528 Radulphi,
1323 2484 1390 2522 five
1425 2486 1498 2522 Sire
1536 2489 1648 2528 Raul,
1676 2499 1753 2524 utar
1781 2492 1853 2524 To-

230 2535 295 2572 nifi
322 2535 436 2571 nimia
472 2535 524 2572 ira
548 2534 740 2573 ambitioni
775 2535 1016 2577 immodera-1
1071 2531 1160 2572 lmo
1198 2538 1261 2574 VI.
1293 2549 1371 2586 pag.
1411 2549 1518 2584 1174·
1556 2541 1634 2575 Rer.
1670 2539 1853 2590 Italicar.)

332 2588 420 2623 Tom.
447 2588 494 2623 X.

1733 2602 1800 2624 cum
