2201 3021
443 170 486 215 3‘1
733 157 1145 222 'ANTIQUHt
1192 162 1423 203 MEDI!
1466 159 1647 205 'Al-:Vl

382 221 557 257 revereri,
584 217 726 267 ejusque
757 218 965 254 praesidibus
994 232 1031 254 ac
1063 218 1138 252 Ma-
1162 222 1209 275 AA
1242 216 1385 260 siparum
1422 219 1516 255 fuiffe
1553 234 1571 255 a
1609 220 1821 266 Landulpho
1851 221 1995 259 Archie—

381 267 575 316 gistratibus
613 269 755 315 obsequi
787 268 1009 305 desinebant.
1046 271 1138 304 Hinc

381 327 496 354 autem
521 318 686 355 emersere
709 322 850 353 Comites
874 320 1044 366 pageasses,
1072 317 1138 354 sive

382 374 529 412 rurales,
547 382 653 415 quum
670 382 790 416 nempe
809 370 917 417 Pagus
936 369 1114 416 quisquam
1128 396 1138 412 ,

381 421 424 454 ab
461 422 595 455 urbano
631 422 812 455 territorio
849 419 1041 465 praecisus,
1077 421 1138 454 ali-

382 472 435 505 cui
462 469 681 505 beneficiario
709 470 784 518 jure
811 471 1053 513 tribuebatur,
1081 469 1139 504 ad-

381 520 455 554 dito
482 522 583 555 etiam
613 520 719 555 titulo
747 521 908 562 Comitis,
943 532 1014 564 quo
1045 529 1138 566 pate—

383 576 462 612 ret,
500 570 593 617 Pago
621 570 700 610 illi,
739 567 806 603 five
833 569 1006 612 Castello‚
1044 568 1138 603 suum

381 619 588 667 peculiarem
616 618 680 653 effe
705 617 915 658 praesidem,
940 618 1075 654 Comiti
1101 618 1139 653 si-

383 682 423 703 ve
454 668 600 704 Pi-aefidi
627 670 732 703 Urbis
770 681 991 714 nequaquam
1028 668 1138 717 subje-

381 718 494 754 etum.
533 721 641 754 Fuere
668 717 706 754 &
734 719 800 754 alia
827 718 1020 767 hujusmodi
1048 733 1139 756 com-

383 770 505 817 plura,
537 768 604 804 five
632 769 802 813 Allodia,
835 768 902 805 five
931 769 1067 810 Feuda‚
1097 772 1139 805 ab

383 821 514 854 urbano
551 833 636 868 agro
673 819 819 863 avulsa,
855 822 1051 856 Comitatus
1087 828 1139 856 ta—

382 882 457 904 men
495 872 600 905 titulo
637 873 818 917 carentia3
858 873 986 919 quippe
1022 871 1138 906 sensim

381 929 538 967 potentes
559 933 596 954 ac
613 920 732 954 divites
749 922 949 964 certabant,
965 928 1004 955 ut
1021 934 1139 967 quam-

381 970 458 1004 dam
482 972 692 1006 azitocratiae
719 969 863 1016 speciem
890 971 1139 1017 consequeren-

381 1030 459 1058 tur,
495 1019 532 1056 ἃ
561 1021 603 1056 ab
631 1023 704 1056 unis
733 1022 883 1067 Regibus
921 1021 987 1057 sive
1016 1025 1139 1070 Augu-

380 1069 432 1105 stis
460 1070 669 1119 pendentes,
696 1070 729 1106 se
756 1069 960 1107 auetoritati
989 1074 1138 1107 urbano-

382 1133 458 1154 rum
485 1121 750 1169 Magistratuum
777 1124 918 1157 omnino
946 1124 1139 1170 eriperent.

380 1172 504 1216 Atque
541 1172 619 1207 hinc
647 1172 826 1220 paullatim
864 1175 1063 1209 imminutus
1091 1173 1138 1208 di-

381 1221 510 1256 strisshis
537 1224 746 1264 civitatum,
772 1222 844 1258 >five
871 1223 1052 1258 decurtata
1080 1237 1140 1271 po-

381 1271 478 1306 testas
506 1269 543 1307 ἃ
573 1271 761 1319 jurisdiRio
788 1276 970 1316 Comitum,
999 1273 1068 1308 hoc
1097 1273 1140 1309 est

382 1320 575 1356 Praefidum
610 1321 884 1364 Gaesarem-um,
921 1326 1045 1369 quibus
1082 1337 1140 1358 an-

381 1380 437 1406 tea
461 1374 593 1420 integer
614 1371 765 1407 Urbium
788 1386 868 1422 ager
890 1372 1048 1409 suberat.
1075 1375 1140 1409 Im-

381 1432 439 1456 mo
465 1426 506 1456 eo
535 1422 640 1470 usque
669 1422 794 1458 alieubi
825 1426 959 1471 antiqui
986 1425 1140 1460 Comita-

380 1478 436 1505 tus
463 1472 631 1508 laceratio
658 1475 794 1517 crevit,
821 1482 862 1509 ut
889 1473 958 1510 fere
985 1474 1026 1510 ad
1054 1488 1140 1511 non-

381 1521 558 1556 nullarum
585 1521 739 1558 Urbium
775 1528 950 1570 pomoeria
979 1524 1011 1560 se
1038 1525 1140 1573 huju-

381 1570 488 1606 smodi
511 1572 724 1619 Regulorum
747 1572 836 1608 ditio
862 1575 1087 1616 extenderet,
1106 1577 1141 1611 &

380 1620 422 1656 ad
461 1633 568 1668 pauca
596 1623 724 1656 circum
751 1623 842 1657 cirea
879 1623 1030 1668 pastuum
1067 1626 1142 1656 mil-

380 1671 427 1705 lia
454 1672 649 1706 civitatum
684 1682 802 1704 earum
832 1671 968 1707 Praeses
1005 1672 1056 1719 jus
1093 1672 1143 1706 di-

382 1727 502 1756 teret.
539 1718 597 1754 Ad
636 1718 720 1754 haec
758 1718 826 1754 fuit
853 1723 888 1754 in
924 1734 1019 1756 ruore
1054 1720 1143 1758 hisce

383 1768 582 1817 pagensibus
602 1770 822 1813 Comitibus‚
846 1768 915 1806 five
936 1771 1142 1817 Nobilibus,

383 1819 502 1856 Castra
521 1846 531 1862 ‚
559 1821 668 1855 Arces
685 1847 695 1862 ‚
723 1819 791 1856 five
819 1820 955 1857 Rochas
972 1848 983 1866 ,
1011 1820 1047 1858 δ(
1076 1824 1144 1858 Ca-

368 1870 478 1906 stella
513 1869 573 1906 fibi
612 1878 772 1905 extruere
810 1874 840 1906 in
878 1874 995 1919 agris,
1023 1875 1142 1918 Vitis,

382 1922 578 1963 Curtilius,
618 1919 757 1963 Podiis,
794 1921 937 1966 aliisque
978 1922 1142 1969 ejusmodi

384 1971 468 2006 locis
490 1969 720 2019 jurisdifilioni
747 1973 870 2006 urbani
894 1973 1039 2007 Comitis
1067 1973 1141 2009 sub-

382 2020 526 2069 trast153
557 2033 595 2056 ac
624 2020 768 2068 proinde
794 2020 870 2068 ipfis
898 2023 1142 2069 Castellanorum

384 2083 509 2106 nomen
530 2070 702 2114 adhaesit,
722 2084 763 2106 eo
779 2074 881 2106 etiarn
901 2073 1008 2108 titulo
1021 2097 1031 2113 ‚
1048 2074 1142 2120 quod

383 2122 544 2169 plerique
566 2121 718 2156 Urbibus
745 2120 882 2158 dimiffis
910 2131 1078 2171 perpetuo
1105 2127 1141 2160 in

384 2170 498 2207 iisdem
517 2171 671 2208 Castellis
692 2171 848 2208 habitare
868 2172 1140 2211 consueverunt.

385 2224 527 2257 Gatanei
567 2234 737 2268 quoque,
779 2221 845 2258 hoe
878 2222 927 2258 ‘est
965 2226 1143 2269 Capitanei

385 2275 544 2308 breviato
575 2274 703 2312 verbo,
742 2273 1028 2320 appellabantur.
1065 2277 1141 2311 Au-

384 2322 461 2358 &or
482 2324 686 2368 Anonymus
708 2323 877 2359 Chroniti
902 2323 1141 2361 Mediolanen-

382 2372 424 2408 fis
455 2375 571 2412 Msti,
607 2373 702 2422 cujus
740 2382 870 2420 partem
900 2375 1027 2422 publici
1059 2376 1139 2422 juris

384 2422 450 2459 feci
480 2427 512 2458 in
540 2425 658 2459 Tomo
686 2425 783 2458 XVI.
811 2426 889 2460 Rer.
918 2425 1140 2467 Italicarum,

1243 268 1383 314 piscopo
1410 270 1660 306 Mediolanensi
1692 274 1825 306 circiter
1852 274 1995 307 Annum

1242 316 1369 353 Christi
1397 321 1734 357 DCCCCLXXVI.
1756 323 1997 369 patrimonium

1243 369 1413 405 Ecclesiae
1436 371 1724 416 Mediolanensis,
1749 370 1857 407 effusis
1882 374 1915 406 in
1935 372 1996 407 Ci-

1242 431 1298 453 ves
1332 418 1517 464 Castellis,
1556 423 1727 466 Decimis,
1764 420 1801 458 &
1839 422 1912 457 aliis
1948 421 1996 457 di-

1242 469 1392 504 tionIbus
1420 484 1459 505 ac
1488 470 1702 508 redditibus:
1739 475 1836 518 ‚Qtae
1857 483 1917 516 per
1943 485 1996 506 ne-

1232 518 1372 562 fandam
1405 522 1630 566 Invesslituram
1663 521 1831 557 roboravit
1848 547 1856 560 ‚
1881 523 1996 567 fideli-

1241 570 1327 602 tatis
1354 570 1539 615 juramenta
1567 569 1608 605 ab
1639 572 1710 615 ipsis
1737 574 1912 616 recipiens.
1950 574 1998 606 Et

1241 618 1292 663 isti
1314 621 1391 653 dini
1417 618 1489 664 fitnt
1510 623 1688 666 Capitanei
1700 647 1707 659 ‚
1736 623 1812 668 idest
1833 620 1998 662 Plebium,

1241 672 1296 703 vel
1325 669 1569 713 Hospstalium,
1601 676 1655 706 vel
1684 674 1874 716 Oppidorum
1901 673 1998 717 Capi-

1240 728 1298 757 ta,
1315 721 1370 763 qui
1393 733 1470 754 nunc
1493 731 1640 765 corrupto
1662 720 1807 756 vocabulo
1830 724 1907 758 dieti
1924 721 1999 769 sunt

1241 771 1382 804 Cataraei
1403 797 1410 804 .
1449 773 1497 805 Et
1533 781 1606 805 tunc
1644 772 1694 817 isti
1728 785 1830 806 omnes
1862 774 1999 816 Capita-

1241 820 1315 857 nei,
1347 822 1498 856 derelifi'd
1524 823 1698 859 Ciuitate,
1727 824 1852 857 Terras
1883 821 1920 856 t&
1946 835 1998 857 ne·

1241 867 1393 905 bilitates
1422 872 1501 919 filas
1539 869 1763 906 inhabitantes
1784 898 1793 912 ‚
1833 884 2001 917 numquam

1241 922 1279 954 de
1305 931 1410 956 cetero
1447 920 1524 956 bene
1552 922 1691 966 filerunt
1719 923 1883 956 Civitatis
1910 921 2001 956 habi-

1242 980 1387 1006 tatores:
1413 975 1495 1006 unde
1512 971 1550 1018 se
1576 973 1674 1006 Cives
1701 986 1760 1006 non
1786 970 2001 1017 reputabant,

1243 1019 1278 1054 <5⁰
1300 1024 1535 1057 Communitati
1557 1036 1614 1057 non
1637 1020 1847 1056 obediebant.
1869 1024 1923 1056 Sic
1943 1023 2001 1057 Ci-

1243 1072 1334 1105 vitas
1378 1074 1430 1106 uit
1456 1075 1721 1117 quamplurinmm
1751 1071 1951 1107 debilitata.

1295 1123 1380 1157 Erat
1411 1122 1494 1158 haee
1530 1136 1645 1158 rerum
1672 1122 1771 1157 facies
1789 1149 1800 1165 ,
1836 1136 1941 1170 quum
1968 1123 2002 1160 se

1244 1170 1275 1207 se
1303 1175 1337 1207 in
1364 1174 1579 1209 Libertatem
1608 1186 1645 1208 ac
1674 1173 1794 1217 statum
1820 1173 2001 1221 Reipubli-

1244 1234 1302 1256 cae
1338 1232 1527 1259 erexerunt
1563 1225 1753 1271 permultae
1791 1237 1833 1260 ex
1858 1225 1999 1260 Italicis

1244 1271 1401 1307 Urbibus
1424 1299 1433 1308 .
1474 1274 1585 1308 Porro
1621 1271 1765 1309 Civibus
1806 1273 2004 1322 hujusmodi

1244 1322 1359 1357 liberis
1376 1346 1386 1360 ,
1423 1322 1586 1368 suamque
1613 1336 1683 1358 rem
1711 1323 1779 1370 jam
1806 1326 1999 1373 peragenti-

1245 1373 1329 1414 bus,
1366 1372 1621 1408 intolerandum
1658 1373 1759 1419 plane
1795 1372 2003 1417 videbatur,

1245 1431 1314 1457 tam
1342 1422 1444 1459 aretis
1471 1421 1596 1459 finibus
1624 1421 1853 1459 circumscribi
1880 1436 2001 1472 agrum

1244 1473 1328 1508 olim
1358 1471 1622 1521 ampliffirnum‚
1659 1473 1701 1509 ad
1737 1471 1936 1521 praesidium
1962 1472 2003 1509 ὅτ.

1245 1522 1346 1559 decus
1375 1526 1522 1559 Urbium
1549 1523 1799 1566 constitutum,
1834 1526 1937 1560 immo
1964 1525 2002 1558 iis

1245 1586 1403 1611 annonae
1433 1574 1546 1610 caussa
1583 1573 1827 1610 necessarium.
1863 1572 2003 1609 Urebat

1247 1634 1432 1666 propterea
1459 1624 1565 1660 Cives
1595 1624 1652 1659 ista
1680 1624 1765 1659 adeo
1793 1623 2003 1671 amplificata.

1248 1671 1428 1705 Nobilium
1444 1672 1716 1709 Castellanorum
1732 1676 1886 1722 potentia
1898 1698 1908 1713 ‚
1924 1676 1977 1709 cui
1990 1700 2001 1717 ,

1247 1728 1287 1754 ut
1322 1722 1474 1766 opinor,
1513 1722 1743 1768 tribuebant,
1774 1723 1869 1771 quod
1906 1727 2002 1760 attri-

1248 1778 1322 1804 tum
1350 1770 1416 1818 jam
1445 1769 1556 1807 fuisset
1583 1773 1779 1808 civitatum
1805 1775 1941 1818 robur,
1965 1774 2000 1808 δε

1248 1820 1382 1856 incolae
1408 1821 1565 1869 deinceps
1601 1824 1745 1857 rariores
1781 1826 1815 1857 in
1843 1823 2000 1860 Urbibus

1247 1879 1540 1913 numerarentur,
1576 1870 1614 1907 ἃ
1642 1871 1758 1907 sensim
1792 1875 1826 1907 in
1855 1886 1934 1908 rura
1961 1872 1999 1909 ἂ.

1247 1919 1398 1956 Castella
1438 1923 1650 1968 immigraret
1689 1921 1803 1956 honor
1838 1923 1873 1957 8<
1915 1923 2002 1959 ditio

1247 1984 1307 2019 per
1343 1980 1399 2006 tot
1433 1971 1555 2006 Secula
1583 1970 1799 2008 Civitatibus
1832 1972 2000 2009 attributa

1221 2029 1222 2035 ¹
1246 2033 1285 2057 ac
1311 2020 1452 2057 debita.
1481 2021 1578 2067 Quid
1607 2021 1731 2070 plura?
1761 2026 1938 2058 concitatis
1965 2036 1999 2058 a-

1245 2073 1341 2107 nimis
1377 2073 1480 2106 Cives
1517 2079 1577 2108 aut
1611 2072 1765 2107 oblatam
1800 2085 1999 2118 quamcum-

1246 2135 1313 2168 que
1339 2121 1551 2157 occasionem
1578 2125 1746 2170 arripere,
1774 2132 1834 2159 aut
1861 2125 1998 2159 minime

1245 2173 1398 2208 oblatam
1440 2174 1635 2217 quaeritare
1675 2182 1889 2220 coeperunt,
1929 2187 1998 2219 qua

1245 2222 1396 2259 finitimis
1425 2224 1628 2258 proceribus
1657 2226 1866 2259 munimenta
1893 2237 1997 2269 quae-

1244 2286 1313 2320 que
1348 2276 1542 2320 eriperent,
1579 2272 1726 2319 suaeque
1766 2273 1998 2311 dominationi

1218 2325 1222 2368 1
1244 2324 1346 2372 jure,
1373 2324 1429 2359 vel
1461 2323 1581 2372 injuria
1612 2324 1860 2372 adjungerent.
1898 2326 1999 2359 Prae-

1218 2369 1221 2428 ᾗ
1244 2374 1411 2409 cefferunt
1432 2374 1568 2419 aliquae
1589 2375 1697 2410 Urbes
1717 2375 1898 2423 exemplo,
1918 2373 1995 2409 sub-

1218 2429 1221 2473 !
1244 2424 1408 2471 sequutae
1433 2423 1513 2460 sunt
1539 2423 1576 2461 ἃ
1605 2424 1690 2459 aliae
1706 2449 1717 2464 ‚
1753 2438 1817 2473 pro
1843 2432 1883 2459 ut
1909 2426 1995 2459 vires

384 2472 504 2511 scribit
527 2476 561 2510 in
588 2483 685 2523 parte
709 2475 836 2511 inedita
855 2476 943 2524 Cap.
970 2478 1051 2523 ¹3⁸·
1078 2476 1143 2512 dis-
1163 2493 1167 2503 =
1216 2476 1222 2516 Ι
1243 2474 1491 2525 suppetebant,
1515 2476 1550 2512 8<
1572 2476 1692 2511 virium
1711 2473 1995 2525 experiendarum

1820 2536 1944 2574 oppor-
