2201 3021
392 235 476 275 723

334 307 359 324 „
387 291 465 313 meo
486 274 648 311 dominio
672 274 798 322 absque
818 273 1093 310 deformatione.
1134 274 1177 324 A*

335 357 361 375 „
388 331 435 364 Et
477 326 519 363 fic
564 326 689 374 absque
731 327 803 363 ulla
846 325 1093 363 immutatione

336 407 362 426 ‚‚
388 381 421 415 &
443 377 699 415 deformatione
719 377 844 414 faciam
867 376 977 424 jurare
998 388 1093 412 meos

336 459 362 476 ,‚
390 429 571 478 proximos
601 428 803 465 successores
839 427 1010 463 Consules
1037 427 1092 462 vel

338 506 361 525 „
390 480 620 519 Potestatem‚
647 480 679 514 ἃ
707 488 746 513 ut
769 477 824 512 illi
849 476 980 512 faciant
1006 477 1093 523 jura-

336 559 360 577 „
388 545 424 568 re
452 531 550 569 suos,
577 530 610 564 &
635 527 689 563 illi
712 526 810 567 suos,
837 527 870 561 &
894 526 937 562 fic
962 526 1094 575 semper

336 610 360 627 ‚,
389 595 448 630 per
476 578 718 616 successionem
748 577 960 614 Consulatus
988 576 1092 625 usque

336 660 360 678 ,‚
389 633 430 668 ad
469 633 565 666 XVI.
604 642 712 665 annos
740 629 917 677 expletos.
952 630 999 664 Et
1026 628 1092 664 hoc

336 710 361 728 „
390 691 506 718 toturn
545 680 670 718 faciam
698 680 810 729 jurare
849 691 945 717 meos
973 678 1095 715 Confi-

332 761 358 779 „
386 731 507 769 liarios
525 758 536 769 .

385 810 410 828 ‚,
439 783 596 833 §.154
636 782 724 820 Item
762 796 833 818 non
860 796 919 818 ero
951 780 988 817 in
1017 794 1093 817 mea

334 863 359 881 ‚,
388 834 530 882 propria
567 834 684 873 causa,
723 847 785 869 nec
821 834 1003 868 ventilabo
1031 832 1090 867 ali-

334 914 358 932 „
387 898 490 933 quam
515 885 688 933 propriam
714 897 824 920 meam
849 883 984 919 causam
1005 892 1091 919 tem-

333 963 359 982 „
389 949 469 978 pore
511 936 579 971 mei
622 935 796 975 dominii,
836 933 901 970 nifi
936 943 975 970 ut
1016 935 1092 970 Lex

333 1015 357 1032 „
386 985 518 1025 dietat,
559 985 619 1021 nist
656 985 747 1021 forte
788 984 950 1031 expulsus
991 984 1090 1019 essem

332 1063 357 1081 „
385 1036 427 1071 de
452 1046 568 1071 tenere
591 1049 692 1074 meo,
710 1037 744 1071 &
767 1036 830 1070 nisi
851 1048 915 1083 ego
937 1034 1091 1081 aliquem

330 1113 356 1131 „
384 1085 594 1127 expellerem
624 1084 667 1118 de
703 1092 841 1121 tenere,
877 1085 933 1116 vel
962 1084 1023 1117 nifi
1052 1086 1093 1116 de

331 1163 356 1182 ,‚
385 1134 498 1182 pastis
540 1133 671 1174 fastis,
720 1133 755 1169 &
796 1131 1093 1169 conventionibus

331 1214 356 1233 ‚,
387 1187 475 1222 mihi
502 1186 559 1221 vel
588 1198 606 1221 a
635 1197 713 1220 me.

381 1263 400 1276 ,,
429 1236 464 1287 §.
495 1247 576 1282 155.
615 1235 848 1271 Medietatem
886 1235 968 1270 verb
1005 1232 1093 1268 Gui-

331 1314 351 1330 „
380 1287 469 1332 dae,
497 1300 586 1336 quae
613 1286 774 1323 remansit
803 1285 893 1334 apud
924 1287 1093 1321 Commu-

329 1367 350 1381 „
378 1351 442 1377 ne,
479 1351 550 1372 non
587 1338 735 1373 vendam
773 1350 836 1372 nec
875 1336 1093 1384 pignorabo‚

331 1417 351 1432 „
379 1400 444 1423 nec
470 1387 591 1433 aliquo
619 1387 725 1421 modo
761 1387 924 1422 alienabo
960 1399 1022 1421 nec
1050 1400 1091 1421 ex

330 1468 352 1484 ‚‚
378 1446 457 1473 toto
495 1450 558 1472 nec
595 1450 638 1472 ex
677 1445 771 1483 parte
808 1435 845 1471 in
875 1448 953 1470 meo
981 1436 1093 1470 domi-

331 1517 351 1534 „
379 1488 461 1523 nio.
494 1488 571 1522 Hoc
600 1486 695 1520 idem
729 1485 856 1521 faciam
883 1486 924 1520 de
952 1487 1092 1520 Molen-

329 1568 348 1583 „
377 1538 463 1573 dino
503 1536 546 1571 de
587 1537 782 1571 Serravalle
823 1536 855 1569 &
900 1535 1019 1570 εἷ’ἓιὲὶο
1059 1537 1091 1570 8<

329 1619 349 1635 ‚,
378 1586 618 1630 pensionibus,
646 1586 738 1634 quod
768 1585 924 1621 affiEtum
950 1587 982 1620 &
1013 1599 1091 1634 pen-

329 1669 351 1685 „
378 1638 512 1678 [iones²
549 1637 634 1673 sicut
661 1651 680 1672 a
709 1636 886 1685 principio
922 1635 991 1671 fuit
1027 1637 1091 1671 im-

329 1718 353 1736 „
383 1689 530 1738 positum
558 1712 568 1728 ‚
619 1687 745 1723 dehinc
796 1687 839 1723 ad
889 1687 1091 1734 proximum

329 1768 354 1787 ‚,
382 1739 531 1776 mensem
573 1738 739 1774 anbris
779 1738 1013 1786 recolligam²
1054 1737 1091 1774 ὅ(

330 1819 354 1838 ‚‚
382 1790 507 1826 faciam
539 1790 764 1838 recolligere,
794 1787 830 1825 &
859 1788 951 1824 dabo
977 1789 1014 1824 in
1037 1802 1093 1824 cu-

331 1869 353 1886 „
381 1841 487 1877 stodia
516 1841 641 1876 Turris
668 1841 710 1875 de
738 1840 951 1880 Serravalle,
989 1839 1010 1874 si
1040 1848 1094 1875 to-

331 1919 353 1936 „
381 1901 456 1928 tum
486 1891 593 1927 fuerit
622 1891 671 1926 ibi
700 1890 945 1926 neceffarium.
971 1892 1018 1925 Et
1046 1890 1091 1926 fa-

329 1969 353 1986 „
382 1943 471 1978 ciam
501 1942 584 1978 stare
613 1941 778 1978 serratum
797 1941 838 1977 de
861 1941 945 1977 foris
967 1941 1090 1977 ostium

331 2019 356 2036 ,‚
383 1993 483 2040 praed
502 1993 578 2028 &ae
632 1991 757 2028 Turris
808 1992 865 2028 die
916 1991 1092 2039 metuque

333 2068 356 2087 ‚,
384 2041 579 2081 continue,
616 2042 680 2076 nist
716 2042 806 2078 forte
845 2044 985 2089 quando
1021 2045 1092 2079 Cu-

332 2119 355 2136 „
384 2092 491 2128 stodes
519 2094 724 2126 intraverint
760 2092 790 2124 δι
830 2092 1006 2126 exierint.
1045 2096 1092 2127 Et

329 2169 353 2187 ,‚
381 2144 494 2177 claves
537 2140 706 2187 praediffli
747 2139 826 2175 ostii
866 2140 935 2188 jam
977 2139 1091 2174 dietae

381 2194 507 2228 Turris
520 2216 529 2231 ‚
548 2190 711 2225 Pistoriae
734 2189 858 2224 faciam
878 2189 968 2237 apud
983 2191 1091 2225 Com—

331 2271 353 2286 ‚,
381 2256 520 2278 munem
552 2239 794 2277 camerarium
832 2238 945 2275 teneri
971 2240 1005 2274 &
1034 2240 1090 2275 be-

330 2321 352 2337 „
381 2307 423 2328 ne
460 2292 622 2328 custodiri
660 2290 813 2340 semper,
849 2289 913 2325 nifi
950 2290 1091 2336 quando

330 2371 353 2388 ,‚
381 2343 546 2379 Custodes
583 2345 730 2378 exierint
767 2342 823 2376 vel
860 2340 1088 2377 intraverint.

328 2420 352 2439 ‚,
381 2397 426 2430 Et
454 2392 579 2430 faciam
608 2393 645 2429 in
674 2392 849 2442 praediSta
876 2393 987 2427 Turi-i
1030 2405 1090 2440 per

328 2471 352 2489 ‚‚
381 2454 497 2481 totum
525 2457 653 2480 annum
683 2453 738 2480 tot
764 2443 934 2480 vifiiualia
968 2442 1088 2479 haberi

329 2522 351 2540 „
379 2496 414 2534 &
445 2498 580 2536 teneri,
622 2509 708 2544 quae
736 2495 776 2531 ad
805 2495 920 2531 minus
950 2508 1008 2542 per
1035 2503 1089 2530 to-

329 2572 351 2588 „
379 2556 453 2585 tum
481 2559 589 2585 unum
626 2546 775 2584 mensem
811 2545 988 2584 sufficiant
1015 2557 1086 2582 am—

329 2220 352 2237 2)

683 216 1371 275 AN‘2‘·1,6‘4U1T.MEDII
1408 218 1593 257 AEVI

1139 723 1165 757 E

1817 233 1870 260 ‘³2

1206 296 1229 313 ‚,
1258 274 1363 309 babus
1391 274 1571 310 custodiis.
1599 275 1646 310 Et
1668 247 1839 311 Custodes
1872 234 1965 323 piae-

1206 347 1228 363 „
1255 324 1370 360 dietae
1391 325 1515 361 Turris
1536 325 1665 373 eligam
1687 326 1818 367 bonos,
1843 327 1879 362 δι
1904 326 1964 363 bo-

1205 398 1227 414 „
1254 388 1318 412 nae
1345 375 1456 412 famae
1483 374 1618 411 Cives.

1255 450 1278 466 ‚‚
1307 427 1455 476 §.156
1481 425 1570 461 Item
1591 439 1663 462 non
1683 425 1809 462 faciam
1837 426 1962 469 finem,

1176 517 1178 520 ,
1205 499 1228 515 ‚2
1257 490 1319 513 nec
1347 490 1490 525 pacem,
1516 489 1579 512 nec
1606 485 1762 526 treguam
1792 491 1872 514 cum
1897 479 1966 514 Ca-

1203 548 1227 565 „
1255 526 1546 566 lameccenfibus.
1583 526 1646 561 nisi
1682 541 1721 563 ea
1759 529 1853 576 prius
1889 528 1966 564 red-

1204 600 1228 616 ‚‚
1255 579 1407 618 dantur,
1435 579 1467 613 ἃ
1498 576 1561 612 nist
1598 577 1629 612 se
1667 581 1700 612 in
1741 578 1866 615 nostras
1895 592 1966 615 ma-

1174 667 1176 675 <
1204 651 1228 666 η
1256 641 1318 664 nus
1345 627 1531 664 remittent
1570 627 1696 675 absque
1732 630 1850 676 aliqua
1881 643 1964 665 con-

1174 695 1176 707 ³
1204 702 1226 717 ‚‚
1254 679 1392 716 ditione
1419 680 1450 714 8<
1491 678 1697 718 intellesso,
1735 682 1829 726 quod
1867 692 1965 715 num-

1175 764 1176 767 ,
1205 753 1225 768 η
1253 743 1358 775 quam
1399 730 1500 778 poffit
1536 728 1761 778 excogitari;
1799 730 1833 764 δε
1873 728 1896 764 si
1923 729 1966 765 ad

1174 839 1176 854 ¹
1205 857 1228 874 ῃ
1257 833 1622 868 commandamentum
1646 829 1768 868 Corsi,
1796 830 1966 870 Gerardi.

1204 908 1226 923 5,
1257 883 1399 930 Pipx'ni,
1427 883 1464 919 ἃ
1496 881 1659 918 Rainaldi
1687 881 1882 917 Consulum
1914 880 1968 918 Pi-

1204 959 1226 974 -,‚
1255 933 1345 968 florii
1375 947 1444 969 non
1474 933 1603 968 fuerint
1613 957 1753 968 .......
1782 931 1967 968 Calamec-

1202 1008 1226 1025 ‚,
1254 996 1329 1017 cam
1348 1007 1357 1021 ,
1399 984 1510 1030 postea
1537 995 1761 1030 quocumque
1789 984 1893 1016 modo
1922 981 1963 1017 ad

1203 1059 1226 1076 ‚,
1255 1046 1309 1067 me
1337 1033 1540 1069 devenerit,
1577 1030 1742 1064 destruam
1773 1030 1808 1066 ἃ
1840 1031 1965 1067 destrui

1173 1070 1177 1110 l
1204 1107 1226 1122 ‚‚
1255 1082 1406 1128 faciam3
1436 1080 1472 1115 ὅ(
1501 1080 1537 1114 in
1567 1079 1634 1114 illo
1665 1080 1800 1119 podio.
1828 1079 1863 1115 in
1894 1093 1965 1128 quo

1202 1157 1226 1174 ‚‚
1255 1143 1346 1166 nunc
1382 1130 1428 1166 est
1464 1131 1691 1170 calamecca,
1729 1143 1790 1166 nec
1829 1131 1964 1174 ipsum,

1203 1205 1226 1224 ‚,
1254 1195 1316 1217 nec
1353 1180 1513 1216 homines
1550 1179 1592 1215 de
1630 1181 1837 1216 Calameeca
1874 1184 1967 1217 ulre-

1204 1259 1227 1275 ‚‚
1256 1233 1324 1268 rius
1351 1232 1417 1268 effe
1446 1230 1670 1280 permittam.
1699 1231 1743 1264 Et
1765 1229 1815 1265 ita
1839 1229 1966 1267 faciam

1203 1309 1226 1326 ‚‚
1256 1283 1372 1331 jurare
1395 1295 1507 1318 meam
1538 1281 1697 1327 proxime
1725 1279 1965 1317 succedentem

1203 1360 1227 1377 ‚,
1258 1334 1463 1370 potestatem
1489 1333 1543 1368 vel
1572 1331 1769 1371 Consules,
1796 1330 1833 1368 &
1862 1341 1902 1367 ut
1923 1332 1968 1368 il-

1203 1411 1226 1427 „
1256 1385 1282 1420 li
1313 1384 1444 1420 faciant
1473 1384 1584 1432 jurare
1606 1382 1704 1422 sum,
1731 1383 1764 1418 &
1788 1381 1842 1417 illi
1867 1382 1969 1422 suos.

1205 1462 1227 1478 .,
1258 1433 1295 1471 δι
1331 1434 1373 1469 sle
1402 1447 1461 1481 per
1489 1433 1733 1468 succeffionem
1753 1431 1969 1469 Consulatus

1203 1511 1227 1528 ‚,
1255 1485 1361 1532 usque
1388 1487 1421 1521 in
1451 1492 1679 1531 perpetuum,
1707 1481 1768 1518 nist
1795 1483 1965 1519 remanse-

1203 1561 1227 1579 ,‚
1255 1535 1302 1572 rit
1323 1537 1497 1572 communi
1518 1533 1675 1571 Consilio
1691 1536 1847 1569 omnium
1867 1534 1966 1570 Con·

1203 1612 1227 1630 ‚,
1255 1586 1463 1623 filiai-iorum
1494 1586 1549 1621 vel
1578 1584 1722 1633 majoris
1751 1584 1881 1633 partis.

1254 1662 1278 1680 ,‚
1306 1637 1340 1685 §
1372 1647 1454 1683 ¹57·
1483 1638 1572 1671 Item
1601 1635 1626 1671 fi
1653 1636 1766 1671 tulero
1797 1637 1966 1680 Darium,

1204 1711 1228 1728 „
1256 1699 1321 1734 ego
1363 1699 1432 1720 non
1475 1687 1602 1720 tollam
1644 1698 1706 1720 nec
1745 1685 1926 1731 imponam
1954 1709 1965 1725 .

1205 1762 1228 1779 ,‚
1256 1750 1319 1773 nee
1347 1736 1431 1772 tolli
1458 1735 1583 1771 faciam
1611 1734 1757 1770 Datium
1785 1736 1878 1770 ultra
1900 1737 1970 1772 111.

1204 1813 1228 1831 ,,
1256 1787 1397 1823 Solidos
1432 1800 1490 1835 per
1527 1785 1666 1824 focum,
1705 1798 1852 1834 paupere
1887 1798 1966 1821 cum

1205 1864 1229 1881 ‚,
1257 1838 1366 1873 divite
1395 1848 1610 1884 coaequato,
1638 1835 1699 1872 nifi
1729 1837 1965 1871 communica-

1204 1915 1230 1933 „
1259 1898 1297 1925 to
1324 1888 1484 1925 Consilio
1511 1897 1651 1923 eentum
1686 1886 1871 1923 hominum
1906 1888 1966 1923 ci-

1206 1965 1229 1982 „
1257 1939 1375 1976 vitatis
1405 1939 1535 1974 pistorii
1570 1938 1762 1978 omnium,
1797 1938 1856 1974 vel
1893 1950 1965 1974 ma-

1206 2017 1229 2034 „
1257 1990 1342 2039 joris
1372 1994 1504 2039 partis.

1256 2068 1279 2085 ,,
1308 2041 1342 2090 §.
1380 2045 1460 2088 158.
1499 2043 1587 2076 Item
1626 2039 1752 2076 faciam
1791 2037 1965 2074 rationem

1205 2116 1228 2130 ‚,
1256 2095 1419 2127 omnibus
1457 2091 1660 2126 suburbanis
1688 2101 1869 2136 tamquam
1905 2089 1967 2126 Ci-

1205 2162 1228 2179 ,‚
1256 2138 1385 2177 vibus,
1427 2149 1575 2184 excepto
1612 2141 1706 2184 quod
1742 2141 1784 2173 de
1824 2139 1963 2187 Dati03

1205 2213 1228 2231 ,‚
1254 2188 1289 2222 δε
1317 2189 1443 2223 tollam
1474 2188 1618 2222 Darium
1636 2212 1643 2225 ‚
1687 2187 1709 2222 si
1748 2189 1862 2223 tulero
1889 2201 1966 2223 om-

1204 2262 1227 2281 „
1254 2238 1355 2273 nibus
1400 2238 1505 2273 nostri
1545 2237 1748 2277 distrhstus,
1790 2240 1849 2285 qui
1894 2251 1965 2275 non

1204 2312 1225 2328 „
1254 2288 1332 2324 sunt
1369 2288 1467 2325 soliti
1495 2288 1574 2324 dare
1613 2289 1756 2325 Darium
1784 2287 1963 2326 occasione

1173 2312 1179 2367 l
1203 2366 1221 2377 .,
1249 2340 1391 2375 mllitiae
1411 2365 1419 2380 .
1454 2340 1511 2375 vel
1539 2339 1656 2386 aliqua
1686 2339 1753 2375 ali-:1
1784 2353 1963 2388 praeroga-

1201 2414 1225 2430 „
1253 2390 1327 2426 tivi
1355 2404 1425 2427 non
1455 2391 1647 2438 juraverint
1670 2390 1902 2434 corporaliter
1923 2392 1965 2427 ad

1203 2466 1225 2481 ,‚
1253 2443 1446 2491 Euangelia
1476 2441 1568 2478 Dei.
1614 2441 1649 2477 Si
1688 2455 1757 2478 non
1797 2441 1965 2488 juraverit

1203 2517 1225 2533 ‚,
1253 2493 1289 2528 in
1320 2495 1476 2541 proxime
1505 2493 1694 2537 praeterito
1722 2505 1844 2532 anno,
1872 2502 1966 2530 erret

1171 2532 1177 2583 l
1200 2568 1224 2584 0,
1253 2543 1291 2582 &
1321 2545 1456 2583 tenebit
1482 2557 1588 2594 equos
1615 2544 1649 2580 &
1676 2544 1962 2631 arma,gu2nd0

1756 2619 1779 2637 „
1843 2604 1917 2632 ive&

1203 804 1227 819 υ
1258 782 1459 828 proximum
1489 781 1623 816 Festum
1657 779 1899 815 innocentium
1924 779 1967 816 ad
2022 819 2027 823 ,
