2201 3021
403 236 485 275 703
712 220 1407 279 ANTIQUIT,MED11
1445 223 1631 263 AEVI

342 302 368 323 ,‚
395 276 509 313 teneri
533 290 595 327 per
619 286 792 326 quantum
823 278 930 314 sciero
958 280 1108 326 taciam;
1151 282 1183 315 A

342 352 368 373 ,‚
394 328 428 364 8<
456 327 547 365 infra
584 339 740 378 quatuor
766 329 840 366 dies
880 329 1062 378 proximos
1091 341 1108 363 a

342 404 368 423 „
396 380 648 417 reclamatione
675 380 856 417 faeta-u.
884 381 986 430 idque
1023 378 1109 414 scire

342 454 368 474 „
394 430 559 472 studebo,
579 433 613 467 8<
643 431 734 468 infra
762 431 912 480 triginta
936 431 1007 467 dies
1032 443 1108 478 pro-

341 506 368 525 „
393 481 512 519 ximos
551 482 621 530 post
663 482 910 530 cognitionem
948 480 1107 516 habitam

341 556 368 577 ,‚
396 533 596 568 executioni
633 532 829 574 mandabo,
863 533 897 566 8<
934 530 1107 567 conscribi

343 608 369 627 „
396 597 472 622 eas,
500 583 532 617 δι
561 582 598 618 in
626 581 713 618 affis
743 582 894 630 publicis
921 579 1031 630 redigi
1059 579 1107 615 fa-

343 659 370 677 „
398 633 511 673 ciam,
538 634 572 668 ὅ(
601 633 643 669 ab
671 646 713 669 eo
741 633 803 682 qui
837 632 981 668 laudum
995 656 1105 670 ......

344 708 370 727 ,,
397 682 525 719 faciam
542 710 553 720 .
570 686 573 688 ’

393 760 418 779 ,,
446 734 479 784 §.
509 746 569 781 95.
595 737 643 771 Et
678 735 702 771 fi
736 734 816 783 quis
852 734 1042 771 sententias
1068 749 1106 769 o-

339 810 367 829 „
393 785 459 821 lim
495 787 618 827 datas,
657 787 712 822 vel
752 786 975 823 laudamenta
1015 785 1105 821 faeta

341 862 367 879 ‚,
396 849 415 872 a
441 846 536 872 retro
565 837 782 874 Consulibus
821 838 875 872 vel
905 836 1105 881 Judicibus.

341 912 366 930 ‚‚
394 897 457 923 aut
492 901 582 934 quae
609 888 648 924 in
684 898 810 929 antea,
839 888 894 923 vel
931 901 949 923 a
977 887 1105 931 Judiciu

341 962 367 981 ‚‚
395 938 457 974 bus
484 938 572 974 meis
606 938 709 975 datae
736 940 794 974 vel
831 937 943 974 faCtae
971 937 1104 974 fuerint

338 1013 365 1031 ‚,
393 988 536 1025 studiose
572 989 740 1038 fregerit,
772 988 809 1025 ἃ
847 989 1032 1037 cognitum
1066 989 1103 1023 ,ὃς

339 1062 365 1080 ‚,
392 1038 588 1076 indicatum
612 1040 705 1076 mihi
731 1038 860 1084 fuerit,
886 1038 1018 1088 viginti
1045 1041 1103 1074 So-

338 1113 363 1130 „
392 1088 481 1125 lidos
508 1089 541 1125 ei
569 1090 717 1128 tollam,
744 1088 784 1124 ,ἃ
810 1090 980 1123 damnum
1010 1089 1104 1135 paffo

337 1163 364 1181 ‚,
392 1138 524 1175 restitui
566 1138 716 1175 faciam.
759 1140 977 1174 Sententiam
1022 1140 1104 1173 verb
1129 1154 1131 1167 π

335 1213 364 1232 ,,
391 1191 525 1226 nullam
571 1189 678 1226 feram
723 1189 795 1226 fine
833 1188 1105 1224 accordamento

338 1263 364 1283 ‚‚
392 1240 562 1277 omnium
581 1241 743 1286 judicum
771 1240 905 1277 nostrae
931 1239 1104 1275 Civitatis

337 1314 364 1334 ‚,
393 1292 547 1333 Pistorii‚
577 1293 633 1328 vel
661 1295 760 1328 unius
794 1305 936 1327 eorum.
966 1292 1048 1326 Hoc
1076 1293 1103 1325 1-

338 1367 364 1385 „
391 1345 468 1379 dem
500 1343 628 1379 faciam
664 1342 703 1379 &
731 1342 922 1378 observabo
954 1341 999 1377 »de
1037 1340 1105 1377 im-

340 1418 365 1436 „
394 1393 571 1430 miffione.

389 1473 414 1491 ‚,
442 1445 477 1493 ᾗ
506 1444 566 1492 96.
603 1443 694 1479 Item
730 1442 754 1478 fi
782 1441 860 1490 quis
895 1441 970 1490 post
996 1441 1103 1477 finem

337 1521 363 1541 ‚‚
390 1496 447 1530 vel
476 1507 596 1543 pacem
624 1502 706 1528 ante
741 1492 913 1528 Consules
951 1493 1008 1527 vel
1037 1494 1104 1527 Po-

338 1572 365 1591 „
390 1545 547 1581 testatem
588 1552 649 1579 aut
689 1542 883 1585 Refibres,
919 1541 978 1577 seu
1016 1541 1104 1577 vici-

338 1624 364 1644 „
392 1609 477 1636 nos,
505 1604 567 1631 aut
594 1593 748 1634 amicos,
771 1592 900 1628 saetam
928 1591 1023 1628 inter
1049 1591 1103 1632 se,

338 1675 363 1694 ‚‚
391 1645 537 1684 studiose
577 1644 736 1681 feriendo
747 1669 878 1680 .......
915 1656 986 1678 non
1029 1656 1130 1691 per-¹

338 1726 364 1744 ‚,
393 1699 534 1735 mittam
562 1698 669 1733 'illum
698 1694 858 1730 habitare
892 1693 933 1733 vin
959 1693 1102 1730 Civita-

338 1777 364 1797 ,‚
391 1759 426 1786 te
465 1748 638 1788 Pistoria‚
675 1759 733 1782 me
770 1745 924 1785 sciente,
963 1757 1026 1780 nec
1065 1744 1102 1780 in

337 1827 363 1847 ‚,
391 1801 460 1837 suis
487 1798 613 1848 Burgis
641 1797 680 1833 in
720 1810 796 1832 meo
831 1795 1011 1835 dominio,
1039 1808 1102 1831 nec

337 1878 364 1897 ‚‚
391 1851 482 1888 infra
517 1851 587 1886 tria
620 1848 786 1885 milliaria
825 1860 932 1895 prope
956 1846 1103 1883 Civita—

337 1930 362 1948 ,‚
389 1912 484 1945 tem,
513 1901 550 1938 Sc
582 1899 725 1949 puniam
750 1911 858 1938 eum,
884 1897 971 1933 sicut
1007 1896 1102 1933 infra

337 1980 363 1999 ‚,
390 1954 430 1989 de
458 1951 657 1988 homicidio
693 1953 914 1989 continetur,
948 1957 1101 1999 excepto

338 2030 364 2049 „
392 2004 498 2050 quam
523 2004 568 2041 de
593 2001 685 2038 Casa
714 2000 752 2038 &
783 2000 914 2037 Turri.
943 2000 990 2048 (l)
1017 2025 1027 2035 .
1054 2025 1064 2035 .
1091 2025 1100 2035 .

337 2080 364 2100 ³,
388 2089 477 2153 ᾗῇ.
504 2115 565 2152 97.
592 2103 825 2138 Communem
854 2099 1098 2136 securitatem,
1125 2126 1128 2174 ι

336 2181 362 2201 ‚‚
389 2167 495 2202 quam
535 2153 687 2200 Populus
725 2148 864 2187 Pistorii
899 2149 933 2183 δ(
972 2145 1096 2182 Recio-

338 2232 365 2251 „
392 2218 444 2241 res
473 2202 643 2241 fecerint,
670 2200 804 2237 firmam
830 2200 865 2233 ἃ
904 2206 1015 2233 ratam
1045 2208 1097 2231 te-

338 2283 364 2302 „
392 2256 482 2290 nebo
521 2255 556 2289 8<
594 2250 805 2289 observabo,
841 2249 875 2283 δε
916 2247 1098 2283 observare

339 2333 364 2354 „
392 2305 518 2342 faciam
547 2317 609 2353 pro
647 2315 725 2338 meo
762 2299 877 2348 pofl‘eg
905 2299 939 2334 8<
978 2297 1098 2333 fimili-

338 2374 365 2403 ,·,
391 2366 445 2394 ter
482 2355 697 2392 securitatem
732 2350 889 2388 Comitis
918 2349 1095 2385 Guidonis

421 2457 465 2498 (l)
485 2456 677 2489 Exciderunt
701 2455 769 2487 heic
788 2452 961 2486 nonnulla.
985 2449 1184 2482 muratorius.

1228 304 1252 322 ‚,
1280 278 1321 313 de
1349 281 1469 315 Lucen
1480 305 1614 316 .......
1645 286 1756 315 ratam
1783 280 1817 315 8<
1845 236 1985 317 {siriam

1226 355 1250 373 ,‚
1277 330 1404 365 tenebo
1416 356 1552 367 .......
1579 331 1674 377 quod
1711 329 1925 372 observabo,
1962 328 1986 364 fi

1226 406 1251 423 ‚‚
1278 380 1380 417 nobis
1414 380 1675 418 observaverit.
1702 384 1749 417 Et
1784 381 1828 418 fic
1857 383 1985 418 faciam

1224 457 1248 474 „
1276 431 1393 480 jurare
1417 444 1530 468 meam
1559 432 1717 479 proxime
1742 432 1984 468 succedentem

1224 507 1249 525 ‚,
1278 482 1485 518 potestatem
1523 483 1580 517 vel
1607 482 1809 532 Consules3
1839 482 1876 520 ὅ(
1916 484 1982 519 hoc

1223 557 1248 576 „
1275 532 1450 568 efficiatur
1477 532 1583 579 usque
1611 534 1650 568 ad
1679 536 1869 570 terminum
1899 548 1981 570 con-

1223 608 1248 626 „
1273 583 1458 619 stitutum:
1497 585 1530 619 δ(
1567 583 1723 620 similiter
1756 585 1978 621 securitatem

1222 658 1247 677 ‚‚
1272 632 1436 670 Comitis
1475 633 1649 671 Guidonis
1691 634 1759 671 filii
1800 636 1981 682 quondam

1222 709 1246 728 „
1274 684 1472 730 Rodulphi,
1499 684 1537 721 ὃ(
1567 685 1632 721 hoc
1661 685 1853 733 usquedum
1885 685 1981 721 vixe-

1221 760 1246 779 ‚‚
1272 735 1347 775 rit,
1374 736 1485 771 donec
1512 736 1614 771 nobis
1641 736 1903 771 observaverit.

1272 812 1297 829 ,‚
1323 786 1359 835 §.
1387 790 1448 834 98.
1480 789 1560 821 Vias
1598 787 1755 834 publicas
1795 785 1983 834 restringi,

1221 862 1245 880 „
1273 848 1329 872 me
1357 836 1507 876 sciente,
1531 849 1603 872 non
1631 836 1834 885 permittam
1863 840 1898 871 in
1922 839 1981 872 Ci-

1220 913 1244 931 ,‚
1273 886 1385 924 vitate
1422 888 1587 932 Pistoria,
1614 900 1678 923 nec
1713 890 1749 922 in
1782 889 1857 936 ejus
1896 889 1982 923 Bur-

1219 963 1244 981 „
1272 942 1343 984 gis,
1370 951 1434 974 nec
1460 938 1548 974 infra
1576 938 1647 974 duo
1672 938 1837 974 milliaria
1875 953 1981 987 prope

1219 988 1464 1032 „Civitatem
1507 989 1545 1023 in
1587 1001 1668 1023 meo
1709 988 1896 1039 domini03
1941 990 1980 1028 δε

1219 1064 1243 1082 ,,
1269 1037 1425 1074 homines
1460 1040 1622 1079 mittam,
1660 1051 1747 1085 quos
1786 1039 1897 1085 jurare
1929 1040 1979 1075 fa-

1218 1114 1243 1131 „
1271 1087 1385 1127 ciam,
1419 1096 1459 1123 ut
1498 1097 1640 1136 aptent:
1678 1088 1715 1124 ὅ(
1757 1087 1899 1125 fortiam
1941 1090 1979 1128 &

1218 1163 1242 1181 ‚,
1271 1137 1484 1186 adjutorium
1511 1139 1561 1173 eis
1589 1139 1669 1174 inde
1696 1138 1811 1176 dabo.

1268 1214 1294 1232 ‚‚
1323 1188 1358 1237 ᾧ.
1386 1201 1447 1236 99.
1476 1190 1566 1223 Item
1602 1200 1673 1224 non
1711 1190 1910 1234 permittam
1940 1192 1977 1228 in

1217 1264 1243 1283 ‚,
1268 1238 1430 1274 Civitate
1462 1238 1624 1278 Pistor-ia,
1650 1238 1807 1285 aliquam
1833 1243 1979 1278 Turrim

1218 1316 1243 1334 ‚‚
1271 1288 1432 1334 murari,
1459 1302 1522 1325 nec
1558 1292 1593 1324 in
1629 1288 1697 1325 suis
1725 1290 1851 1339 Bargis
1888 1293 1980 1329 ultra

1218 1339 1466 1385 „mensuram
1510 1339 1636 1378 Turris
1673 1339 1829 1376 filiorum
1869 1356 1980 1391 quon-

1217 1417 1243 1434 „
1270 1392 1350 1425 dam
1377 1391 1576 1429 lldibrandi
1615 1391 1794 1430 Vandini,
1821 1394 1854 1428 &
1886 1395 1978 1430 ultra

1218 1468 1242 1485 „
1271 1440 1413 1475 modum
1432 1439 1700 1476 determinatum
1714 1465 1722 1479 ,
1741 1440 1810 1489 (m)
1828 1452 1865 1477 ut
1879 1445 1978 1480 Tur-

1217 1518 1242 1535 „
1271 1504 1323 1527 res
1349 1490 1493 1538 desuper
1529 1492 1688 1538 aequales
1717 1489 1825 1529 fiant.
1852 1495 1900 1530 Et
1926 1494 1978 1531 ita

1218 1568 1241 1586 „
1268 1541 1391 1577 faciam
1420 1542 1533 1591 jurare
1553 1555 1634 1581 eos,
1653 1542 1717 1589 qui
1741 1543 1873 1580 Turres
1900 1543 1978 1580 fun-

1217 1619 1240 1636 „
1267 1592 1400 1628 dabunt
1434 1592 1471 1627 in
1514 1592 1672 1628 Civitate
1715 1592 1885 1634 P2storia,
1922 1596 1976 1631 vel

1216 1641 1306 1686 „in
1345 1642 1414 1677 suis
1454 1643 1580 1690 Bagis
1623 1652 1684 1678 aut
1728 1642 1897 1681 suburbiis
1937 1646 1977 1682 in

1217 1718 1242 1737 „
1270 1704 1351 1726 meo
1379 1692 1560 1727 dominio.

1268 1770 1291 1786 ,,
1320 1742 1468 1792 §.100.
1496 1744 1545 1776 Et
1572 1741 1595 1777 fi
1623 1741 1711 1779 Casa
1742 1744 1889 1793 alicujus
1919 1746 1976 1782 Pi-

1216 1821 1241 1839 „
1268 1792 1464 1832 storienfis‚
1507 1792 1728 1841 Birgienfis,
1766 1792 1807 1831 ,δί
1860 1795 1976 1832 subur-

1217 1872 1242 1889 „
1270 1843 1389 1879 biensis
1416 1844 1489 1892 ejus
1517 1843 1624 1880 fuerit
1651 1854 1752 1890 rupta
1786 1846 1829 1881 de
1855 1846 1975 1895 ‚aliqua

1216 1922 1240 1940 ,‚
1264 1895 1376 1931 ‘Tun-i
1413 1895 1451 1931 in
1487 1908 1568 1930 meo
1603 1894 1793 1937 dominio,
1828 1897 1873 1932 ab
1906 1911 1976 1942 e0,

1216 1974 1240 1991 ‚,
1265 1945 1330 1994 qui
1357 1947 1521 1982 damnum
1549 1946 1673 1987 dedit,
1702 1946 1788 1982 infra
1828 1947 1974 1996 triginta

1216 2010 1241 2043 „¹
1268 2000 1340 2033 dies
1375 1999 1558 2046 proximos
1595 1997 1771 2033 emendari
1814 1996 1973 2048 faciam3

1215 2075 1239 2092 „
1264 2047 1351 2083 &fi
1378 2049 1562 2084 emendare
1589 2048 1808 2097 nequiverit,
1832 2050 1878 2084 ab
1904 2062 1945 2085 eo
1963 2076 1975 2094 ‚

1214 2123 1238 2139 ‚,
1266 2099 1364 2140 cujus
1403 2099 1527 2133 Turris
1564 2099 1693 2137 fuerit,
1719 2099 1894 2134 emendari
1926 2099 1975 2135 fa-

1214 2171 1238 2189 „
1265 2145 1384 2185 ciam,
1410 2146 1433 2183 fi
1472 2155 1585 2180 tamen
1622 2147 1713 2181 mihi
1744 2149 1973 2184 reclamatum

1215 2222 1238 2237 ,‚
1265 2194 1394 2233 fuerit,
1423 2195 1486 2231 nifi
1517 2196 1611 2243 prius
1646 2197 1719 2243 ejus
1758 2196 1864 2233 fuerit
1900 2211 1974 2246 pre-

1214 2272 1238 2289 „
1266 2244 1355 2281 tium
1374 2270 1384 2284 ,
1413 2246 1511 2292 cujas
1538 2244 1613 2280 casa
1641 2255 1742 2293 rupta
1770 2245 1896 2284 fuerit.

1265 2324 1287 2338 .,
1316 2297 1350 2346 §.
1384 2307 1465 2332 101.
1496 2298 1540 2331 Et
1562 2295 1583 2331 fi
1613 2296 1692 2342 quis
1718 2296 1896 2334 taliaverit
1919 2313 1973 2336 ca·

1213 2375 1236 2392 ‚,
1266 2347 1338 2384 sam
1378 2348 1524 2397 alicujus
1536 2373 1690 2384 ........
1729 2347 1894 2389 studiose,
1935 2349 1969 2387 ei

1773 2424 1795 2439 υ
1821 2399 1919 2436 dam·

418 2502 480 2536 (m)
501 2502 540 2530 Ut
562 2502 669 2528 Turres
689 2499 725 2527 de
740 2495 829 2534 super
851 2493 988 2532 aequales
1001 2491 1103 2531 fiant.
1128 2490 1171 2521 Le
1192 2487 1290 2521 Torri
1322 2500 1440 2522 aveano
1462 2490 1492 2521 le
1513 2490 1580 2522 loro
1607 2488 1739 2528 misure;
1762 2499 1780 2520 e
1801 2501 1855 2529 per
1874 2490 1970 2531 suggi.

340 2551 373 2574 re
394 2539 562 2579 l‘invufia,
586 2550 647 2570 non
672 2546 826 2578 potevano
856 2534 968 2575 pasiare
991 2543 1049 2564 una
1079 2542 1162 2563 certa
1184 2531 1329 2577 altena.
1362 2530 1477 2578 Quesse
1505 2541 1566 2561 non
1597 2528 1617 2560 fi
1648 2538 1801 2569 potevano
1822 2531 1967 2563 fabricare

340 2582 371 2612 se
392 2591 453 2612 non
477 2580 523 2612 da’
538 2579 665 2610 Nobuli.
692 2577 719 2608 E
743 2578 835 2608 Siena
855 2586 915 2607 una
937 2574 1023 2605 volta
1045 2574 1076 2604 n*
1090 2582 1141 2603 era
1163 2582 1267 2609 piena:
1292 2582 1393 2605 marca
1417 2572 1567 2610 d'onore,
1587 2570 1758 2603 conceduta
1779 2582 1797 2604 a
1818 2572 1885 2613 que’
1897 2571 1966 2603 No-

339 2621 413 2660 bili,
435 2621 491 2654 che
515 2619 667 2653 vittoriosi
689 2629 783 2652 erano
804 2615 949 2649 ritornati
970 2613 1052 2647 dalle
1075 2613 1194 2646 Guetre
1215 2611 1314 2647 sacre·
