2201 3021
281 196 365 294 393
568 235 960 277 mssa-anari&
991 232 1511 291 QJJNQUAGESJMA.
1714 246 1801 293 694

274 323 298 342 ,‚
326 297 362 344 ᾗ.
389 307 451 343 71.
478 293 695 332 statuimus,
722 301 762 328 ut
788 295 886 329 nulla
915 296 979 329 Po-
1010 298 1054 331 ‚A

220 358 250 392 3,
275 346 375 383 testas
405 343 563 384 Pisturii,
600 344 718 379 nullus
746 357 789 379 ex
816 340 980 381 Consuli-

223 425 249 443 ‚,
276 398 339 433 bus
380 394 556 443 recipiat,
597 402 657 430 aut
696 394 807 442 recipi
845 394 980 433 faciat,

223 475 248 494 υ
277 461 340 484 nec
381 444 564 494 permittat
601 444 712 493 recipi
755 445 797 480 ad
835 447 980 481 Portum
1011 457 1012 482 ς

223 525 248 544 ,,
277 497 354 533 vini
373 497 463 531 ultra
485 508 593 531 unum
614 508 766 545 coppum
786 496 884 532 vini.
908 499 982 533 Nec
1010 532 1012 546 Ι

223 575 249 593 ,,
276 559 450 584 annonam
493 559 556 582 nec
599 547 705 582 aliam
746 548 891 583 Blavam
929 548 982 595 (a)

221 624 247 642 ,‚
274 598 316 633 ab
344 596 463 643 aliqua
490 596 642 633 Ecclefia
659 622 670 638 ‚
700 611 764 633 nec
791 599 834 634 ab
862 598 983 646 aliquo

220 674 246 692 ‚,
274 646 512 691 Monasterio,
542 660 606 682 nec
633 648 676 683 ab
703 648 825 696 aliquo
852 649 982 698 Hospi-

219 724 247 743 „
274 698 364 742 tali,
401 711 464 734 nec
491 697 533 733 ab
561 697 684 746 aliquo
712 699 888 739 Ree‘core,
915 699 982 735 sive
1008 729 1011 740 ⁴

222 775 248 794 „
274 747 429 786 Consule
465 748 614 799 alicujus
643 748 788 785 Castelli
825 749 883 785 seu
911 752 982 786 Lo—
1009 741 1054 786 Β
1091 769 1111 784 n

221 825 248 844 ‚,
275 799 308 836 ci
337 800 393 836 vel
422 798 568 840 Villae,
600 813 664 836 nee
694 801 737 836 ab
764 799 882 848 aliqua
910 814 983 850 per·
1008 833 1011 849 ¹

221 876 247 894 2,
275 850 358 886 sona
395 849 545 899 alicujus
579 852 802 899 Cappellae‚
841 864 903 887 nec
941 852 983 886 ab

221 926 247 945 ,‚
276 901 394 951 aliqua
423 901 566 949 persona
602 902 639 938 in
668 901 727 938 suo
755 901 916 938 dominio
944 901 980 938 ὅτε

220 975 247 995 2,
275 952 496 991 Consulatu,
525 965 613 998 quae
644 952 726 988 esset
754 963 853 988 extra
880 952 982 988 Civi-

219 1026 246 1045 ‚,
273 1009 382 1037 tatem
412 1014 474 1049 pro
502 1001 648 1048 negotio
676 1001 849 1037 Civitatis
865 1028 1009 1042 ......

219 1077 245 1095 9,
272 1060 357 1087 tunc
385 1051 479 1086 enim
509 1050 611 1098 possit
637 1051 811 1099 recipere,
837 1053 870 1087 ὃς
896 1066 981 1088 non—

218 1127 243 1146 „
271 1102 334 1138 nisi
364 1115 427 1150 pro
454 1101 551 1137 viStu
578 1101 616 1137 ἂ
648 1101 803 1149 expensis
839 1104 981 1138 necessa-

217 1177 243 1196 „
270 1152 333 1188 riis
361 1153 399 1188 in
427 1153 494 1187 iilo
521 1151 616 1187 fasto
644 1165 706 1200 pro
733 1165 804 1200 quo
831 1153 932 1189 effet.
1005 1167 1009 1233 1

268 1203 344 1251 ‚‚§
383 1214 443 1250 72.
473 1204 562 1237 Item
599 1202 801 1243 statuimus,
838 1213 877 1240 ut
917 1205 980 1239 Po-

216 1261 244 1298 ‘‚,
271 1253 371 1288 testas
394 1253 528 1288 nullam
556 1254 716 1297 praebeat
740 1263 897 1290 tenutam
922 1256 977 1290 ab-

215 1329 243 1348 ‚,
272 1303 354 1351 sque
380 1303 560 1348 judicibus
589 1304 721 1348 alicui,
751 1318 814 1341 nec
841 1305 978 1349 judices

215 1379 241 1399 9,
271 1368 359 1390 unus
387 1354 513 1401 absque
540 1355 674 1399 altero,
695 1368 758 1391 nec
784 1356 978 1400 Consules,

215 1430 242 1449 „
270 1404 333 1439 nifi
362 1403 428 1439 fint
454 1404 577 1446 fimul,
605 1404 641 1439 &
671 1418 742 1439 non
770 1405 832 1440 nifi
861 1406 899 1440 in
926 1408 976 1441 lo-

213 1480 240 1499 „
268 1467 336 1494 co,
379 1454 440 1489 ubi
477 1453 596 1489 causae
636 1453 748 1490 solent
784 1456 975 1496 ventilari,

214 1531 241 1550 ,‚
269 1513 329 1540 aut
374 1503 414 1540 in
457 1513 558 1540 antea
603 1505 870 1542 ventilabuntur
889 1533 899 1551 ,
943 1507 974 1541 ἒ(

215 1582 241 1601 ‚,
270 1554 334 1591 nisi
363 1567 424 1603 per
454 1554 661 1603 scripturam
700 1556 903 1606 publicam3
942 1559 972 1592 ἃ

213 1632 240 1651 „
267 1605 351 1642 haec
379 1606 496 1642 locum
525 1606 675 1641 habeant
702 1606 744 1642 de
775 1616 910 1643 cetero.

1020 1198 1050 1235 (3

264 1683 289 1701 „
317 1656 340 1706 ᾧ
380 1668 442 1704 73.
480 1658 569 1692 Item
598 1656 800 1695 statuimus,
833 1667 872 1693 ut
899 1657 972 1704 qui-
1000 1637 1046 1684 ll]
1080 1677 1099 1692 ‚‚

212 1733 238 1753 ‚,
266 1720 416 1753 cumque
451 1706 494 1741 de
521 1705 686 1741 Civitate
723 1706 890 1746 Pistoria,
919 1709 972 1742 vel
998 1676 1002 1750 l

212 1783 238 1801 ,‚
267 1757 423 1804 Burgis,
459 1765 520 1791 aut
560 1755 742 1791 Sabus-biis
778 1756 820 1791 de
857 1753 1001 1793 cetero¹
1035 1792 1037 1795 .

213 1833 238 1852 ‚‚
267 1806 456 1854 juraverit,
481 1805 513 1840 se
538 1805 646 1841 alium
672 1805 854 1857 occidere3
876 1809 970 1856 quod
996 1778 1000 1835 l

212 1884 238 1902 „
265 1870 308 1892 ex
337 1869 408 1903 quo
446 1855 596 1892 Potestas
629 1865 690 1892 aut
716 1857 886 1894 Consules
914 1873 972 1894 au—

211 1908 237 1952 ,'‚
265 1906 417 1947 dicarint,
451 1906 602 1942 Potestas
629 1916 689 1943 aut
715 1908 886 1945 Consules
914 1924 970 1945 ve—

212 1984 237 2003 „
265 1957 409 1993 ritatem
451 1957 663 2000 inveniant,
706 1957 743 1995 &
784 1959 896 2008 postea
937 1961 969 1996 ei

209 2034 236 2053 ‚,
264 2017 405 2043 centum
433 2009 572 2044 Solidos
609 2009 766 2049 tollant,
803 2011 859 2046 vel
887 2012 969 2047 tolli

209 2085 236 2103 „
264 2057 421 2107 faciant3
450 2059 485 2093 &
512 2072 584 2095 non
610 2059 776 2099 reddant,
804 2074 867 2097 nec
894 2062 968 2096 red-

207 2134 235 2155 „
263 2109 300 2144 di
325 2107 478 2148 faciant,
503 2122 567 2144 nec
593 2109 801 2149 restaurent,
828 2123 891 2145 nec
919 2125 968 2145 re-

207 2185 235 2204 „
261 2158 402 2194 staurari
438 2157 593 2194 faciant.
630 2160 677 2193 Et
713 2157 735 2193 sl
772 2159 805 2194 ei
841 2161 966 2196 tollere

208 2236 234 2254 „
261 2208 518 2255 nequiverint,
558 2209 598 2243 in
636 2208 796 2244 ducentis
836 2211 965 2246 solidis

209 2286 234 2304 ‚,
261 2271 338 2293 eum
374 2258 533 2307 pejorent
562 2259 596 2292 8<
627 2258 777 2305 pejorari
813 2258 964 2306 faciant,

211 2334 236 2355 „
263 2308 287 2343 fi
314 2308 497 2348 habuerit,
523 2307 613 2344 unde
641 2307 744 2356 pofflt
771 2309 940 2359 pejorari.

260 2387 284 2404 ‚,
312 2359 348 2408 ᾧ
375 2371 435 2407 74.
472 2358 563 2394 Item
591 2358 796 2400 statuimus,
833 2370 872 2397 ut
901 2363 964 2397 Po-

207 2421 235 2456 ',‚
261 2410 385 2455 testas,
416 2409 473 2446 seu
501 2408 670 2445 Consules
698 2409 830 2447 faciant
855 2412 964 2460 pulsa-

1012 2103 1040 2136 E

1057 1510 1060 1540 l
1084 1527 1102 1540 n

1055 1542 1101 1590 l„
1129 1562 1299 1600 quaginta
1340 1555 1412 1590 dies
1456 1558 1645 1595 continuos
1687 1564 1844 1608 patiatur

1079 1779 1099 1792 Ἰ

1078 1829 1097 1842 9)

1096 315 1121 333 ,‚
1147 293 1179 324 ri
1216 289 1258 324 ad
1286 292 1481 340 Arringum
1499 318 1509 335 ‚
1545 294 1580 328 8<
1616 294 1748 332 faciant
1775 310 1856 332 con-

1096 365 1120 385 „
1148 339 1288 375 cionem
1326 340 1365 375 in
1392 355 1431 377 ea
1458 342 1542 382 die,
1579 352 1618 379 ut
1645 346 1694 382 eis
1721 347 1854 383 videbi-

1094 416 1119 435 „
1147 398 1226 430 tur,
1253 392 1395 439 plenum
1422 392 1513 440 posse
1537 392 1656 431 haberi
1683 398 1851 445 Populum

1094 467 1118 485 „
1146 441 1183 476 in
1212 441 1325 484 mense
1346 441 1535 479 Martii&
1563 443 1601 478 in
1627 447 1741 483 mense
1764 450 1853 487 Mas}

1093 517 1118 536 „
1145 493 1177 527 &
1217 493 1255 528 in
1292 493 1407 529 mense
1443 493 1548 538 Julii,
1589 493 1628 532 &
1664 495 1703 532 in
1739 501 1853 535 mense

1093 568 1118 588 ‚,
1146 543 1380 591 Septembris.
1766 552 1769 555 ’

1144 620 1169 638 ,,
1197 594 1232 643 §.
1257 606 1317 641 75.
1338 596 1428 630 Item
1448 595 1650 638 statuimus,
1672 607 1711 635 ut
1731 598 1753 634 fi
1775 599 1854 648 quis

1093 669 1118 688 ,‚
1145 644 1252 680 Civis
1282 645 1442 686 Pistorii,
1469 648 1525 683 vel
1552 648 1594 684 de
1624 649 1770 699 Burgis,
1795 660 1856 687 aut

1092 718 1111 733 ‚‚
1139 696 1324 732 Suburbiis
1352 695 1421 732 suis
1448 697 1490 733 de
1517 707 1633 735 cetero
1657 701 1854 737 intercesse-

1137 745 1188 785 rit
1215 755 1275 782 aut
1303 746 1532 796 fidejufferst,
1569 759 1630 786 aut
1658 751 1690 786 se
1718 762 1854 800 parato-

1092 820 1112 834 ‚‚
1138 809 1211 831 rem
1240 797 1487 843 constituerit,
1525 799 1581 836 seu
1617 800 1720 837 fidem
1752 803 1853 840 bonis

1092 871 1111 885 ‚‚
1139 845 1203 882 suis
1232 847 1371 897 pignori
1398 849 1610 899 obligaverit
1630 853 1760 893 alicui,
1789 855 1853 902 qui

1090 922 1110 936 ‚‚
1137 910 1208 932 non
1235 898 1278 934 fit
1304 899 1346 935 de
1372 900 1488 936 nostro
1507 902 1685 946 distrieShJ,
1714 903 1751 941 ὃ(
1780 904 1853 952 ipse

1090 972 1111 988 ‚‚
1137 947 1175 984 in
1203 948 1325 996 aliquo
1362 951 1534 998 perditam
1573 952 1719 999 fecerit,
1757 956 1852 1003 quod

1091 1023 1109 1036 ,‚
1138 999 1311 1044 Potestas,
1333 1010 1394 1036 aut
1413 1002 1583 1039 Consules
1605 1004 1736 1041 faciant
1755 1019 1852 1055 prae-

1092 1073 1110 1088 „
1137 1048 1232 1085 ἀίἕὶα
1273 1050 1496 1100 integraliter
1535 1054 1743 1100 restituere,
1786 1056 1851 1093 nis:

1090 1124 1108 1138 ‚‚
1135 1098 1258 1135 fecerit
1285 1102 1457 1148 perditam
1490 1103 1587 1143 illis,
1623 1118 1687 1153 pro
1722 1107 1851 1153 quibus

1088 1173 1107 1187 ‚,
1134 1148 1362 1197 fidejuffe-rit.
1389 1153 1437 1186 Et
1472 1152 1539 1189 hoc
1575 1155 1692 1191 locum
1724 1156 1850 1194 habeat

1088 1224 1107 1238 ‚‚
1133 1199 1172 1235 in
1200 1200 1326 1237 futuris
1347 1205 1515 1251 negotiis,
1543 1203 1581 1242 &
1601 1207 1729 1243 nonin
1752 1222 1848 1257 prae-

1088 1275 1106 1290 „
1133 1259 1250 1288 teritis
1267 1278 1278 1289 .

1137 1326 1156 1341 ,‚
1184 1302 1218 1352 §.
1246 1304 1307 1351 76.
1344 1305 1556 1352 statuimus,
1593 1319 1635 1346 ut
1670 1310 1846 1352 Potestas,

1086 1376 1104 1390 ‚‚
1132 1351 1156 1387 fi
1183 1353 1261 1399 quis
1288 1354 1396 1391 fuerit
1422 1357 1460 1391 in
1488 1357 1650 1394 Civitate
1680 1361 1847 1406 Pistoria,

1086 1425 1104 1440 ,,
1131 1403 1206 1449 post
1231 1402 1309 1438 suae
1336 1404 1523 1453 dignitatis
1556 1409 1692 1444 exitum
1730 1412 1846 1459 palam

1084 1476 1104 1490 ‚,
1132 1460 1291 1489 moretur
1327 1453 1365 1489 in
1401 1456 1583 1502 Civitate‚
1620 1461 1654 1494 ὅ(
1695 1460 1734 1496 in
1772 1462 1845 1509 ejus

1131 1503 1273 1551 Burgis,
1302 1513 1361 1540 aut
1383 1507 1581 1552 Suburbiis,
1602 1508 1640 1545 ἂ
1663 1523 1721 1558 per
1741 1513 1844 1559 quin-

1082 1628 1100 1641 „
1128 1603 1375 1651 Sindigatum,
1403 1607 1435 1641 δε
1465 1608 1710 1657 quodcumque
1747 1625 1843 1660 prae-

1127 1662 1265 1700 ceptum
1295 1656 1446 1692 Potestas
1474 1658 1506 1693 ei
1536 1659 1744 1706 succedens,
1780 1672 1843 1699 aut

1080 1727 1099 1743 ,,
1125 1703 1321 1749 Consules,
1349 1706 1387 1742 ἂ
1415 1707 1552 1757 §indigi
1585 1724 1647 1758 pro
1675 1711 1735 1747 suo
1762 1715 1840 1749 offi-

1126 1756 1180 1789 cio
1207 1755 1239 1790 ei
1267 1755 1414 1793 fecerint
1449 1759 1650 1806 observari,
1687 1765 1720 1798 8<
1758 1765 1838 1800 effe-

1125 1803 1197 1839 &ui
1239 1807 1456 1855 mancipari,
1492 1809 1530 1847 ὅ(
1572 1811 1613 1848 ad
1652 1817 1838 1850 terminum

1078 1878 1099 1894 ,‚
1126 1853 1164 1892 &
1192 1857 1385 1902 terminos,
1422 1872 1524 1906 quem
1553 1860 1591 1899 &
1627 1876 1716 1912 quos
1742 1865 1775 1901 ei
1803 1879 1836 1902 e-

1078 1930 1096 1944 „
1123 1905 1232 1943 xinde
1257 1908 1441 1946 dederint.

1127 1982 1145 1994 „
1174 1957 1207 2006 ᾧ.
1235 1970 1294 2005 77.
1319 1961 1532 2003 statuimus,
1559 1974 1600 2000 ut
1627 1967 1777 2003 Potestas
1798 1968 1833 2002 &

1076 2032 1094 2046 „
1123 2006 1292 2044 Consules
1321 2010 1447 2047 dehinc
1479 2014 1520 2049 ad
1558 2016 1736 2063 proximas
1764 2019 1834 2053 Ka-

1076 2083 1094 2096 „
1121 2059 1238 2094 lendas
1259 2061 1439 2097 Februarii
1460 2062 1591 2101 faciant
1604 2066 1718 2114 jurare
1735 2067 1834 2105 Con—

1074 2132 1093 2146 „
1120 2107 1208 2143 sules
1233 2110 1274 2144 de
1298 2112 1535 2159 Carmignano
1546 2141 1722 2154 .........
1750 2119 1833 2154 οέἶο

1074 2181 1092 2196 ,,
1120 2159 1294 2196 Homines
1335 2161 1377 2198 de
1412 2162 1674 2213 Carmignano‚
1711 2170 1744 2203 8<
1785 2170 1832 2204 fa-

1074 2233 1093 2247 „
1120 2209 1216 2244 cient
1243 2210 1356 2257 jurare
1383 2213 1573 2258 meliores,
1600 2228 1687 2262 quos
1714 2217 1747 2253 ei
1775 2218 1832 2254 de-

1073 2283 1092 2297 „
1119 2258 1232 2298 derit,
1261 2262 1467 2308 cognoscere
1493 2263 1536 2299 de
1562 2265 1735 2303 aedificiis
1772 2282 1829 2315 pe-

1072 2333 1090 2347 „
1117 2317 1248 2344 tratum
1286 2310 1324 2346 c&
1367 2312 1602 2360 lignaminum
1645 2316 1747 2354 fastis
1789 2318 1827 2355 δε

1072 2385 1090 2398 ,,
1117 2357 1285 2396 faciendis
1312 2360 1349 2396 in
1370 2361 1631 2413 Carmignano,
1657 2368 1827 2405 destruen-

1071 2436 1089 2450 „
1116 2409 1169 2445 dis
1205 2410 1247 2446 ad
1284 2411 1479 2451 utilitatem
1507 2415 1544 2453 &
1571 2416 1826 2456 salvamentum

1118 2464 1251 2497 sz
1666 2493 1690 2511 ,‚
1718 2470 1780 2506 Ci-

285 2544 337 2583 (8)
359 2544 480 2580 Blava;
508 2543 560 2583 poi
588 2542 711 2584 Bs'aa'a,
733 2543 826 2575 robba
848 2544 884 2575 da
914 2547 1088 2590 macinare.
1118 2544 1155 2576 In
1181 2543 1284 2584 questo
1313 2543 1480 2589 significato
1510 2549 1529 2581 fi
1557 2551 1671 2590 prende
1699 2561 1776 2584 anco
1798 2553 1832 2586 in

205 2591 266 2615 una
293 2583 432 2623 parafrafi
462 2584 581 2615 inedita
609 2585 690 2615 dalle
721 2583 836 2616 Favole
864 2585 1011 2625 d'Eiopo
1040 2589 1118 2618 latta
1144 2586 1181 2615 da
1210 2595 1250 2631 un
1280 2585 1390 2618 Sancte
1418 2589 1476 2635 nel·
1499 2590 1580 2622 buon
1610 2599 1715 2623 torno,
1746 2593 1831 2638 Oggi

209 2623 274 2657 solo
296 2624 317 2656 fi
338 2624 452 2665 prende
472 2634 526 2665 per
546 2634 607 2657 una
628 2624 709 2658 sorte
730 2624 761 2659 di
782 2625 892 2666 relaba,
914 2626 970 2663 che
992 2627 1013 2660 fi
1035 2627 1072 2658 da
1094 2637 1112 2658 a
1134 2636 1289 2666 mangiare
1312 2626 1337 2657 a'
1352 2627 1476 2662 Cavalli
1491 2652 1502 2669 ,
1524 2641 1541 2663 e
1564 2631 1600 2663 ad
1621 2631 1699 2666 altre
1721 2632 1830 2668 bestie.

1318 2751 1320 2766 l
