2201 3021
367 217 442 261 κός

663 208 1346 266 Atw1'1Q01‘T.MJ2*Dll
1386 207 1568 247 AEVI
1788 218 1870 259 164

301 272 369 294 mm
404 261 605 309 Pupiensibus
639 273 736 299 erant
771 267 807 300 in
826 279 975 310 guerra.
1001 268 1060 298 Ve-
1090 266 1126 299 A
1166 264 1203 298 in
1245 263 1458 306 Germania,
1493 272 1568 299 tum
1611 260 1714 310 ipsius
1752 262 1925 300 Fnderici

303 311 355 345 nit
389 327 463 359 ergo
504 313 698 350 fridericus
715 340 726 355 ‚
761 326 798 350 ut
842 314 1083 361 Langobardos,

303 363 386 400 miro
413 368 498 401 modo
521 363 726 410 subjugaret.
748 368 794 400 Et
817 379 910 411 quum
921 364 988 412 fibi
1010 367 1062 400 vi—
1081 357 1084 389 1

304 415 437 450 deretur
463 417 664 460 neceffizrium
688 420 830 451 alteram
847 427 977 462 partem
1002 418 1062 450 eli-

297 476 399 508 gere,
435 468 551 501 utilius
590 468 692 501 duxit
731 469 824 511 parti
866 468 1063 511 Papienfimn

305 521 501 561 adhaerere,
522 530 559 550 ne
576 518 611 561 fi
635 519 915 562 Mediolanensimn
936 527 1063 561 partem

305 572 472 611 amplexus
498 568 593 610 esset,
619 569 727 602 altera
759 578 856 610 parte
884 565 1063 610 Langobar-

306 620 381 652 diae
406 615 595 663 subjugatfi,
623 615 896 661 Mediolanesfi’s,
917 618 972 660 qui
997 615 1062 657 sbr—

306 669 407 701 tiores
432 677 550 709 erant,
579 664 712 700 rebelles
740 667 935 713 existerent.
962 667 1063 711 (Quae

309 716 506 752 fridericus
528 717 567 752 ea
587 715 787 764 tempestate
806 716 940 765 egerit,
960 729 1063 764 quae-

308 781 351 803 ve
377 767 484 803 fuerit
521 767 688 810 molitus,
722 776 762 803 ut
797 768 941 802 arduum
977 779 1063 813 opus

309 817 496 866 impleret,
524 831 593 853 non
631 817 675 852 est
711 818 812 864 hujus
849 816 919 852 loci
958 816 1064 864 pluri-

311 868 373 903 bus
414 867 595 916 persequi.
631 868 777 903 Ottonis
820 866 1064 916 Frisingensis,

311 918 507 961 Radevici,
543 919 689 953 ottonis
740 917 934 956 Morenae,
977 917 1065 952 alio-

309 981 456 1016 rumque
484 968 699 1015 Scriptorum
732 977 958 1003 monumenta
988 980 1066 1012 pro-

308 1018 416 1062 stant,
445 1032 533 1066 quae
570 1018 701 1055 Legim-
727 1031 786 1067 per
823 1018 855 1053 se
881 1017 1038 1053 consulat
1055 1045 1064 1061 ‚

310 1068 596 1117 quotiescumque
624 1069 733 1104 velit.
762 1069 852 1104 lllud
890 1068 979 1103 mihi
1008 1068 1065 1103 ad-

309 1120 526 1161 notandum,
555 1119 615 1155 ubi
652 1119 802 1167 denique
838 1117 986 1164 suspicio
1013 1119 1064 1153 in-

309 1170 447 1214 travit,
474 1169 567 1204 nihil
604 1169 720 1205 minus
753 1169 917 1218 cogitasse
947 1171 1064 1217 Augu-

309 1219 423 1263 stum,
451 1220 554 1267 quam
592 1221 634 1255 de
671 1219 774 1255 Italia
812 1218 968 1255 universa
1005 1219 1065 1254 fibi

304 1270 546 1317 subjicienda,
574 1270 681 1318 eaque
715 1270 756 1305 ad
784 1270 884 1305 illam
922 1269 1066 1304 servitu-

311 1329 381 1355 tem
408 1320 614 1368 redigenda,
637 1334 729 1368 quae·
747 1319 807 1355 sub
833 1321 966 1356 Carolo
988 1319 1065 1355 Ma-

311 1383 402 1417 gno,
429 1379 488 1405 aut
517 1373 651 1406 Ottone
678 1371 703 1406 Ι.
729 1370 764 1404 in
793 1370 853 1405 usu
879 1369 969 1412 suit,
990 1383 1067 1405 coe-

311 1420 395 1467 pisse
433 1421 634 1456 Italicarum
674 1420 829 1456 Urbium
866 1419 1065 1455 fortiffimas

310 1482 349 1504 ac
380 1470 653 1515 potentissimas,
682 1469 851 1518 simulque
890 1469 1066 1518 Principes

311 1518 640 1566 praestantiffimos,
681 1519 741 1555 fibi
783 1520 985 1563 consulere,
1025 1533 1066 1554 ne

310 1569 409 1617 parta
434 1569 599 1605 libertate
634 1579 862 1609 exuerentur,
890 1579 993 1615 atque
1031 1581 1067 1604 ut

311 1620 498 1654 commoda
524 1618 610 1658 illa,
638 1631 725 1666 quae
752 1632 771 1654 a
798 1619 987 1665 majoribus
1014 1632 1068 1653 ac-

310 1679 497 1715 ceperant,
534 1668 747 1705 retinerent.
778 1669 925 1703 Illorum
962 1667 1068 1702 etiam

309 1720 449 1755 animos
485 1720 608 1755 urebat
649 1719 818 1754 friderici
855 1717 1069 1760 crudelitas,

310 1770 372 1816 qui
404 1770 520 1806 Urbes
558 1769 600 1803 ad
630 1768 692 1804 fibi
730 1768 917 1815 parendum
956 1768 1070 1815 segnes

312 1820 496 1855 debellasse
526 1831 596 1854 non
625 1828 833 1861 contentus,
854 1818 953 1853 omni
981 1817 1072 1866 abje-

313 1869 367 1904 δὲ
401 1869 662 1909 misericord-25,
691 1869 731 1903 ad
761 1867 870 1904 solum
908 1867 1071 1916 prosterni

312 1920 478 1968 jubebat.
517 1921 711 1955 Tim-ebant
748 1917 810 1954 fibi
847 1931 993 1958 omnes,
1034 1917 1070 1953 ὅ(

312 1975 350 2006 in
391 1971 508 2006 alieno
549 1970 664 2006 exitio
701 1969 798 2005 suum
841 1967 1073 2016 unusquisque

315 2022 641 2069 contemplabatur.
669 2023 787 2065 Quare
825 2033 894 2055 non
935 2019 1073 2054 Medio—

314 2072 469 2108 lanenses
497 2073 658 2113 tantiam,
687 2069 869 2112 Brixiani,
895 2073 1073 2104 Veronen-

315 2122 365 2158 ses
384 2150 394 2167 ,
430 2122 667 2158 Bononienses
684 2149 694 2164 ‚
736 2121 893 2168 aliaeque
936 2121 1045 2155 Urbes
1064 2148 1072 2161 ,

315 2171 371 2208 sed
408 2174 515 2209 etiam
554 2171 753 2209 Hadrianus
791 2174 840 2205 IV
890 2172 1007 2217 Papa,
1034 2169 1071 2206 ἃ

318 2224 532 2259 Guilielmus
562 2223 712 2271 Apuliae
741 2221 777 2257 ἃ
807 2221 948 2256 Siciliae
977 2223 1073 2263 Rex,

320 2274 448 2309 secreta
483 2274 627 2310 miscere
662 2272 828 2312 consilia,
855 2273 888 2306 δι
923 2272 1074 2306 occultis

317 2324 514 2360 foederibus
549 2324 583 2360 se
613 2332 737 2360 contra
772 2332 862 2358 artes
897 2335 937 2357 ac
964 2322 1074 2368 impe-

316 2384 393 2411 tum
423 2375 592 2411 friderici
621 2373 838 2422 praemunire
866 2382 1072 2419 coeperunt.

287 2425 289 2428 ⁴
317 2426 536 2462 Hadrianum
586 2425 876 2461 exacerbaverant
926 2423 1072 2469 injuriae

316 2476 461 2525 Legatis
498 2475 588 2520 suis,
625 2475 735 2522 iisque
772 2474 907 2509 san&ae
946 2476 1072 2508 Roma-

312 2541 380 2563 nae
407 2526 577 2563 Ecclesiae
613 2525 859 2562 cardinalibus
876 2552 886 2568 ‚
914 2522 1070 2558 infiifflzae

1111 2068 1139 2100 {Tl

1167 313 1304 352 minae,
1332 313 1490 362 aliaeque
1517 313 1707 349 simultates
1743 311 1838 347 inter
1865 325 1923 349 eos

1165 364 1333 401 obortae.
1376 366 1552 401 Praeterea
1590 363 1772 400 videbatur
1809 365 1922 411 Impe-

1165 424 1281 457 rator,
1309 413 1371 450 fibi
1407 416 1444 451 in
1471 415 1580 462 ipsam
1621 416 1816 450 Romanam
1848 414 1919 450 Ur-

1167 464 1242 498 bem
1273 466 1348 511 plus
1377 465 1527 501 tribuere
1555 474 1614 501 aut
1643 478 1801 512 arrogare
1828 465 1920 500 velle

1166 514 1385 550 anaoritatis
1411 528 1449 550 ac
1473 515 1693 551 dominatus,
1718 516 1822 562 quam
1847 515 1920 561 ejus

1169 564 1438 600 praedecessores
1476 564 1650 600 fecissent.
1680 567 1773 600 Nam
1809 578 1918 612 quum

1169 615 1318 650 Romani
1346 615 1505 650 adversus
1532 615 1623 662 ipsos
1648 617 1807 650 Summos
1834 617 1922 650 Pon-

1167 663 1278 700 nfices
1316 664 1484 701 seditione
1522 666 1644 706 moa,
1682 665 1724 700 ab
1763 666 1920 700 Arnaldo

1168 715 1335 750 brixiano
1377 725 1479 751 antea
1531 715 1719 754 fascinati,
1757 717 1921 751 Senatum

1167 765 1421 807 instauraffent,
1449 766 1658 812 expulissent
1684 765 1791 800 etiam
1823 767 1920 801 Prae-

1167 815 1294 851 feEium
1336 815 1453 855 Urbi,
1489 816 1551 863 qui
1590 815 1812 863 Magistratus
1853 818 1921 850 Ro-

1167 879 1242 901 rnae
1278 879 1340 914 pro
1382 866 1654 914 Imperatoribus
1695 865 1738 900 ab
1773 865 1923 912 antiquo

1167 925 1322 964 tempore
1356 915 1514 956 sedebat,
1542 915 1698 963 seditque
1733 914 1858 950 deinde
1885 928 1924 951 u-

1169 965 1247 1012 sque
1275 967 1316 1002 ad
1345 975 1501 1013 tempora
1537 964 1736 1002 Innocentii
1766 967 1829 1000 111.
1859 967 1923 1000 Pa-

1171 1030 1257 1063 pae,
1284 1026 1323 1052 ut
1350 1017 1388 1052 in
1425 1018 1498 1060 ejus
1529 1017 1614 1051 Vita
1651 1016 1818 1050 habetur:
1850 1015 1927 1051 Pri-

1169 1067 1302 1102 d'ericus
1333 1069 1439 1103 Anno
1466 1067 1595 1102 Christi
1633 1068 1807 1102 Msth.
1836 1079 1927 1101 rece-

1169 1118 1237 1164 ptis
1266 1119 1409 1153 Senatus
1439 1119 1635 1165 Populique
1674 1116 1824 1152 Romani
1855 1118 1922 1152 Le-

1168 1167 1281 1214 gatis‚
1319 1180 1398 1204 cum
1435 1170 1484 1203 eis
1521 1168 1593 1215 egit
1632 1180 1701 1202 non
1740 1166 1849 1201 sol‘um
1886 1166 1928 1202 de

1168 1217 1369 1265 recipiendo
1410 1217 1610 1259 praesceto.
1651 1226 1689 1252 ut
1731 1217 1926 1252 Radevicus

1169 1267 1247 1303 Lib.
1278 1281 1312 1303 2.
1347 1270 1431 1313 Cap.
1462 1280 1523 1314 41.
1560 1267 1707 1309 scribit,
1734 1266 1789 1301 sed
1816 1266 1926 1301 etiam

1166 1321 1205 1352 de
1221 1317 1416 1364 stabiliendo
1450 1324 1593 1353 Senatu.-
1620 1330 1686 1365 qua
1723 1329 1766 1351 ex
1802 1330 1839 1351 re
1873 1316 1928 1352 ni-

1168 1367 1276 1403 mium
1306 1369 1530 1404 laedebantur
1557 1368 1631 1415 jura
1663 1380 1703 1402 ae
1732 1366 1926 1414 Privilegia

1169 1420 1405 1452 Romanorum
1460 1417 1702 1453 Pontificum.
1742 1417 1800 1451 Ad
1843 1416 1927 1451 haec

1167 1467 1382 1512 Guilielmus
1419 1467 1560 1503 Siciliae
1601 1470 1673 1502 Rex
1702 1479 1775 1501 non
1801 1466 1928 1501 imme-

1169 1519 1240 1554 rito
1269 1518 1461 1566 potentiam
1499 1517 1536 1554 ἃ
1573 1516 1715 1553 consilia
1755 1515 1927 1552 Friderici

1173 1569 1314 1617 Augusti
1353 1567 1583 1604 formidabat.
1612 1567 1690 1616 Ipso
1725 1567 1819 1602 enim
1855 1569 1927 1601 An-

1171 1631 1238 1660 no,
1258 1631 1329 1664 quo
1355 1618 1384 1653 is
1415 1619 1633 1666 imperialem
1662 1629 1824 1652 coronam
1858 1619 1926 1652 Ro-

1173 1679 1249 1701 mae
1276 1667 1441 1709 suscepit„
1473 1668 1538 1702 hoc
1565 1668 1610 1702 est
1639 1671 1743 1702 Anno
1770 1668 1929 1703 MCLV.

1175 1717 1243 1765 jam
1271 1716 1312 1751 ad
1340 1717 1529 1760 Guilielmi
1560 1717 1747 1764 perniciem
1779 1719 1930 1764 Impera-

1175 1777 1232 1801 tor
1257 1767 1460 1806 anhelarat,
1488 1766 1526 1803 &
1555 1769 1597 1803 ab
1630 1768 1785 1803 exercitu
1813 1768 1852 1802 in
1879 1769 1932 1814 ip-

1177 1816 1248 1852 sum
1277 1817 1478 1852 deducendo
1517 1831 1585 1853 non
1624 1820 1728 1864 longe
1755 1817 1849 1856 fuit,
1877 1817 1933 1852 uti

1177 1867 1317 1902 testatur
1337 1869 1427 1902 Otto
1450 1867 1666 1916 Friszngenfis
1692 1868 1771 1903 Lib.
1792 1880 1825 1903 2.
1845 1869 1935 1914 Cap.

1179 1928 1234 1963 25.
1264 1918 1306 1953 de
1344 1919 1429 1953 Reb.
1457 1918 1537 1966 gest.
1577 1918 1771 1953 friderici.
1800 1918 1933 1952 Veriim

1179 1967 1278 2010 pauci
1307 1968 1418 2003 adhuc
1449 1969 1560 2015 palam
1591 1967 1623 2003 se
1654 1969 1795 2014 prodere
1825 1967 1936 2003 hostes

1179 2016 1358 2053 sortiffimi
1388 2018 1611 2064 Imperatoris
1639 2018 1830 2052 audebant.
1861 2017 1935 2052 Uni

1180 2067 1480 2109 Mediolanenses,
1509 2067 1710 2102 cedentibus
1737 2078 1796 2102 aut
1823 2067 1935 2102 laten-

1178 2118 1271 2153 tibus
1301 2130 1406 2165 paene
1434 2117 1556 2152 ceteris
1594 2130 1673 2164 prae
1701 2126 1819 2155 metu,
1846 2116 1934 2152 obfi-

1177 2168 1260 2204 stere
1286 2180 1355 2202 non
1384 2166 1489 2203 semel
1517 2170 1631 2215 aperta
1660 2167 1747 2203 facie
1775 2180 1844 2202 non
1871 2167 1933 2203 du-

1179 2219 1356 2261 bitarunt,
1378 2218 1578 2264 bellumque
1599 2217 1804 2256 sustinuere,
1826 2230 1935 2265 quan-

1177 2270 1237 2304 diu
1259 2278 1466 2316 potuerunt.
1489 2272 1541 2303 At
1562 2281 1667 2315 quum
1692 2268 1819 2305 Poouli
1845 2269 1934 2304 mul-

1177 2320 1207 2355 ti
1248 2321 1382 2354 nullum
1422 2332 1491 2355 non
1534 2330 1715 2355 moverent
1751 2317 1934 2361 lapidem,

1177 2381 1216 2405 ut
1234 2369 1477 2405 Mediolanum
1491 2394 1500 2409 ‚
1517 2369 1819 2405 conterminorum
1837 2382 1933 2405 nem·

1177 2434 1239 2468 pe,
1275 2421 1329 2455 uti
1366 2421 1526 2468 aiebant,
1562 2426 1709 2455 malleum
1745 2419 1934 2456 contunde-

1176 2480 1252 2506 rent
1290 2480 1393 2518 atque
1431 2471 1692 2516 deprimerent,
1729 2471 1761 2505 δ(
1804 2467 1933 2506 vifflori

1176 2522 1333 2570 Augusto
1360 2521 1427 2557 sese
1455 2522 1601 2556 aliarum
1635 2522 1784 2557 Urbium
1813 2523 1933 2567 copiae

1765 2571 1887 2606 volen-
