2201 3021
395 221 475 269 567
692 214 1604 274 ANTIQUIT.MEDIIAEV1
1826 223 1906 271 558

334 296 353 310 ‚‚
381 283 457 306 cem
498 269 616 307 millia
658 269 885 308 Marcharum
926 275 969 309 ad
1009 285 1096 321 opus
1125 275 1187 308 'A'
1213 295 1232 310 ‚‚
1258 271 1457 308 moratione
1496 273 1531 313 ὃ(
1570 271 1773 309 testimonio
1817 276 1968 318 Domini

1211 346 1231 360 ,,
1258 321 1365 359 nostri
1395 324 1620 371 Imperatoris
1657 325 1758 372 plene
1785 326 1819 361 &
1857 326 1970 362 mani-

336 347 355 361 „
382 319 492 358 Curie
512 334 531 358 a
543 321 638 358 diaa
655 322 970 360 Univerfitatezseu
986 323 1097 360 Com-

334 398 354 412 „
382 372 482 409 muni
519 373 700 410 florentie
735 373 862 411 auferri
898 373 937 411 &
975 375 1096 424 exigi,

338 449 358 464 ,‚
386 424 443 461 seu
470 425 694 473 extorqueri.
724 426 962 462 Denuntiavit
986 425 1095 462 etiam

338 500 358 515 ‚‚
385 475 480 511 idem
534 477 645 520 Judex
701 477 823 512 Petrus
874 476 916 511 de
969 477 1096 513 Saneto

337 551 356 567 ,‚
383 528 471 562 Gem
476 551 630 562 ........
666 526 761 574 quod
789 539 869 562 cum
897 529 1096 563 Communi

335 603 354 617 ‚,
383 576 440 613 seu
484 575 713 612 Univerfitati
757 577 939 614 Florentie
980 578 1095 614 fuifl'et

334 654 354 668 „
381 626 582 674 injunfitum
609 628 644 662 δε
673 627 893 676 prohibitum
921 643 965 664 ex
999 638 1096 678 parte

335 704 354 718 „
383 676 534 713 Domini
564 678 790 728 Imperatoris
819 678 880 716 sub
908 692 995 729 pena
1015 693 1096 716 cen-

334 754 352 768 „
379 735 454 764 tum
484 728 640 765 millium
677 729 906 767 Mar-charum
935 730 1095 779 argenti,

333 804 353 819 n
381 791 424 814 ne
470 778 749 817 Univerfitatem
793 781 850 818 seu
893 784 1096 818 Commune

334 855 354 870 ,,
382 831 468 865 Sene
495 830 708 876 offenderet,
745 832 856 881 spreta
884 834 949 869 tali
979 832 1095 880 prohi-

333 905 353 920 ‚,
382 880 519 918 bitione
546 883 580 918 ὃ(
608 883 744 920 defensa
771 883 889 924 faeta,
924 883 1095 920 destruxit

334 957 352 970 „
380 931 497 967 Castra
534 946 678 973 eorum,
716 934 941 983 expoliavit,
979 934 1094 970 homi-

333 1005 354 1021 „
382 994 440 1017 nes
469 984 563 1032 cepit
601 985 705 1032 ipfius
740 986 954 1022 Communis
981 988 1093 1030 Sene,

333 1059 352 1073 ‚,
379 1032 529 1080 dampna
557 1038 669 1073 multa
699 1035 826 1073 intulit
852 1037 915 1086 ipfi
944 1037 1094 1073 Univer-

335 1109 354 1122 ‚‚
382 1082 475 1119 fitati
503 1087 610 1123 Sene.
639 1088 747 1124 Unde
775 1088 868 1136 petit
893 1088 1008 1124 dietus
1035 1085 1094 1132 Ju-

332 1160 352 1177 ‚‚
379 1132 447 1169 dex
477 1135 599 1171 Petrus
633 1137 674 1173 ad
711 1150 798 1185 opus
835 1137 987 1173 Domini
1023 1139 1094 1175 Im-

332 1213 350 1228 „
379 1185 549 1230 peratoris
577 1186 672 1223 dieta
710 1187 827 1224 millia
864 1188 1093 1225 Marcharum

331 1264 350 1278 ‚‚
378 1236 515 1283 argenti
544 1238 586 1273 ab
619 1238 862 1276 Univerfitate
896 1240 954 1277 seu
980 1239 1093 1277 Corn-

331 1314 349 1327 „
378 1286 477 1322 muni
507 1287 600 1325 diere
629 1290 810 1328 Florentie
830 1290 930 1341 exigi
956 1290 1013 1327 seu
1033 1305 1094 1328 ex-

329 1364 349 1378 „
376 1339 534 1390 torqueri
551 1364 561 1378 ‚
590 1353 669 1376 cum
698 1341 805 1378 fuerit
842 1341 916 1391 ipsa
944 1344 1093 1379 Univer-

331 1414 351 1427 ‚‚
379 1392 455 1420 {itas
477 1388 659 1424 Florentie
681 1391 780 1436 super
807 1392 875 1426 hoc
895 1393 1006 1427 citata
1034 1393 1095 1428 sub

331 1463 352 1478 ,‚
381 1440 616 1483 peremptorio
644 1439 825 1479 termino,
863 1439 902 1477 δι
938 1453 1011 1475 non
1036 1454 1095 1477 ve-

329 1512 351 1528 „
377 1486 471 1521 nerit
499 1487 668 1534 justitiam
697 1489 852 1525 faetura.

379 1561 398 1575 ‚,
431 1537 573 1580 Quibus
614 1538 924 1579 accusationibus,
965 1540 1096 1576 denun-

331 1613 350 1630 ,‚
379 1585 617 1632 ciationibus,
645 1588 679 1623 8<
708 1588 944 1636 petitionibus
964 1591 997 1624 in
1023 1589 1096 1638 ipsa

331 1666 351 1681 ‚‚
379 1636 493 1672 Curia
521 1637 734 1687 propositis,
762 1638 881 1675 edic'sto
908 1652 1097 1676 commune

333 1718 352 1733 „
380 1687 494 1724 faeto—
521 1688 560 1726 &
603 1689 834 1738 solempniter
883 1689 1061 1738 proposito
1086 1718 1096 1737 ,

334 1770 354 1785 ‚,
382 1738 552 1786 quesitum
573 1740 639 1781 est,
669 1739 692 1775 fi
721 1741 759 1776 in
779 1740 890 1777 Curia
917 1741 991 1786 ipsa
1011 1743 1096 1788 Syn-

334 1821 353 1835 „
380 1792 507 1836 dacus,
537 1792 773 1836 Procurator,
802 1802 863 1828 aut
889 1792 1006 1829 After
1031 1792 1097 1829 ali-

336 1871 357 1886 „
383 1842 462 1889 quis
490 1855 553 1890 pro
577 1851 675 1891 parte
697 1843 1009 1887 florentinorum,
1037 1853 1098 1880 aut

336 1922 356 1937 ‚‚
383 1892 513 1940 aliquis
555 1893 647 1930 alius
671 1921 682 1938 ‚
728 1894 791 1943 qui
833 1893 867 1931 se
906 1893 1097 1931 defensioni

337 1944 537 1991 „ipsorum
575 1945 739 1990 offerret,
776 1945 1019 1983 inveniretur:
1059 1944 1097 1982 &

338 2023 357 2038 ‚,
385 1995 502 2031 nullus
531 1995 720 2044 apparuit,
748 1996 811 2044 qui
840 1997 898 2033 vel
925 1996 1096 2044 Syndaca-

339 2074 357 2091 ‚,
385 2056 460 2080 tum
479 2070 489 2085 ‚
517 2055 577 2081 aut
605 2046 912 2093 procurationem,
949 2048 1006 2084 seu
1033 2047 1099 2084 ali-

337 2124 358 2143 „
384 2108 490 2144 quam
530 2095 778 2131 anaoritatem
815 2097 1001 2139 assereret,
1038 2106 1100 2131 aut

337 2176 357 2193 ,‚
384 2145 574 2181 defensioni
607 2144 893 2182 Florentinorum
931 2148 1038 2180 etiam
1067 2144 1099 2180 se

338 2227 357 2244 ‚,
384 2195 525 2232 offerret
536 2221 545 2230 .
557 2193 723 2243 Cumque
736 2194 998 2243 prenominatus
1010 2193 1098 2230 Gui-

339 2276 359 2294 ,‚
386 2246 509 2283 doaus
540 2245 652 2282 Αὲὶον
678 2246 711 2281 &
741 2245 912 2292 Syndicus
941 2244 1098 2281 Univer-

340 2326 359 2345 ,,
387 2297 497 2335 fitatis
523 2295 578 2333 seu
600 2296 812 2333 Communis
834 2298 942 2340 Sene,
964 2309 1099 2331 necnon

341 2375 362 2394 5,
387 2346 583 2386 antediaus
621 2347 787 2396 Magister
824 2348 946 2383 Petrus
977 2346 1099 2382 Advo-

338 2428 358 2444 „
386 2410 482 2438 catus
504 2400 538 2435 8(
564 2398 795 2435 denuntiator
821 2411 882 2447 pro
907 2407 1005 2446 parte
1025 2396 1099 2434 Cu-

337 2478 356 2495 „
383 2452 435 2490 rie
459 2449 625 2489 instanter
649 2449 811 2487 instarent
836 2449 998 2486 adversus
1023 2462 1098 2498 par-

336 2529 356 2546 „
382 2502 431 2540 tis
462 2501 653 2539 absentiam
685 2499 723 2538 &
752 2500 1012 2538 contumaciam
1044 2513 1098 2536 ac-

338 2580 358 2597 „
384 2552 560 2592 curando:
594 2564 743 2601 cumque
780 2552 888 2589 etiam
916 2565 960 2588 ex
988 2564 1096 2589 reme-

1146 726 1169 759 B
1182 754 1183 758 ,

1181 601 1186 642 ἲ

1181 728 1184 746 s

1213 397 1232 412 '5

1212 448 1230 462 θ’

1259 371 1338 409 feste
1365 374 1559 418 constaret,
1591 375 1808 412 antedie‘tum
1837 377 1971 414 Guido-

1257 422 1353 460 &um
1381 425 1551 461 Aetorem
1583 427 1617 461 &
1645 428 1839 472 Syndacum
1857 455 1868 472 ‚
1905 441 1968 464 nee

1211 499 1231 514 ‚,
1257 488 1329 510 non
1366 476 1538 523 prefatum
1575 476 1784 525 Magistrum
1823 481 1966 515 Petrum

1211 549 1230 565 2)

1257 526 1484 561 Advocatum
1519 525 1609 561 fisci
1628 554 1638 571 ,
1673 527 1712 565 δ(
1739 528 1967 566 denunciato-

1211 600 1230 615 „
1257 588 1422 624 rem.pro
1451 585 1547 623 parte
1570 578 1680 613 Curie
1705 580 1744 614 in
1771 581 1868 616 Festo
1891 594 1968 617 om—

1182 643 1186 656 ι
1213 650 1229 664 .,
1256 625 1357 662 nium
1385 627 1591 663 Sanstorum
1625 628 1737 677 ipsum
1776 631 1967 667 terminum

1182 709 1184 722 ,
1210 702 1229 715 ‚,
1256 678 1367 720 Judex
1396 679 1601 727 Peregrinus
1634 680 1786 727 ejusdem
1817 682 1967 718 Domini

1210 753 1227 765 ⁷,
1255 728 1361 765 nostri
1391 730 1617 777 Imperatoris
1646 731 1830 775 Nuncius,
1861 732 1969 778 parti-

1211 803 1227 816 „
1256 779 1318 815 bus
1353 779 1414 815 sub
1451 790 1615 828 precepto
1635 805 1647 820 ‚
1681 783 1716 816 δε
1750 781 1969 817 Florentinis

1211 855 1228 868 η
1255 829 1315 866 sub
1359 831 1473 867 banno
1510 831 1629 866 decem
1671 830 1830 867 millium
1871 833 1970 867 Mar-

1210 905 1229 919 „
1257 881 1398 917 charum
1426 881 1648 930 prefinierat‚
1675 896 1738 930 pro
1763 890 1804 917 ut
1827 895 1888 929 per
1913 884 1970 917 In-

1209 956 1227 970 „
1253 932 1440 969 strumenta
1463 933 1604 981 publica
1623 933 1706 969 inde
1727 933 1818 968 faeta
1836 932 1876 968 in
1896 931 1970 979 ipsa

1211 1007 1229 1021 η
1257 983 1367 1020 Curia
1399 984 1595 1033 presentata
1631 983 1810 1019 manifeste
1840 982 1970 1018 consta-

1209 1059 1228 1072 „
1256 1034 1338 1074 bat,
1361 1034 1395 1070 se
1420 1048 1536 1070 coram
1567 1034 1739 1082 presentia
1765 1033 1870 1082 ipsius
1895 1036 1969 1068 Dou

1212 1109 1232 1123 η
1259 1084 1351 1120 mini
1387 1085 1493 1121 nostri
1530 1085 1757 1134 Imperatoris
1793 1084 1832 1121 &
1859 1083 1969 1119 Curie

1211 1160 1231 1174 ‚‚
1257 1134 1484 1183 presentaffe,
1507 1138 1541 1172 δε
1567 1150 1628 1185 per
1650 1137 1725 1172 dies
1748 1135 1888 1183 aliquot
1911 1133 1970 1170 ad-

1209 1210 1230 1226 ‚,
1255 1185 1350 1222 verse
1377 1188 1487 1235 partis
1513 1187 1731 1236 expeE’tando
1758 1184 1969 1235 presentiam

1210 1262 1216 1274 ‚
1256 1236 1293 1272 in
1321 1236 1435 1273 Curia
1461 1238 1560 1274 fuifl‘e
1596 1247 1773 1273 moratos:
1814 1239 1890 1273 Nos
1917 1235 1970 1270 su-

1211 1313 1229 1327 „
1258 1287 1443 1335 prascripti
1472 1288 1678 1333 Gaybardus
1706 1287 1748 1322 de
1775 1285 1943 1322 Arnesten
1961 1311 1973 1328 ,

1210 1363 1229 1377 ι,
1258 1338 1457 1387 Imperialis
1492 1339 1531 1375 in
1569 1338 1675 1374 Italia
1709 1334 1972 1385 Legatus,·'&

1211 1414 1230 1427 „
1258 1388 1426 1435 Magister
1453 1391 1575 1424 Petrus
1603 1389 1644 1423 de
1672 1389 1810 1430 Vinea,
1847 1399 1972 1433 magne

1211 1462 1229 1475 η
1257 1437 1457 1483 Imperialis
1495 1437 1605 1473 Curie
1640 1437 1778 1480 Judex,
1818 1435 1860 1471 de
1902 1436 1974 1481 spe-

1211 1512 1230 1525 „
1258 1486 1342 1522 ciali
1379 1487 1546 1524 mandato
1575 1487 1727 1523 Domini
1763 1486 1869 1522 nostri
1900 1485 1972 1522 lm-

1211 1562 1231 1577 ‚,
1259 1539 1431 1585 peratoris
1450 1566 1460 1582 ,
1487 1538 1638 1575 Curiam
1668 1536 1897 1585 solempniter
1924 1536 1973 1571 fe-

1212 1613 1231 1626 „
1258 1587 1372 1624 cimus
1401 1589 1606 1639 congregari
1633 1589 1675 1624 de
1702 1587 1906 1623 (fomitibus
1938 1587 1973 1621 δε

1214 1661 1233 1675 2,
1261 1638 1478 1679 Baronibus,
1505 1641 1539 1674 δὲ
1567 1638 1782 1687 jurisperitis
1799 1665 1809 1680 ,
1843 1637 1906 1684 qui
1933 1637 1973 1673 in

1214 1711 1233 1725 η
1260 1687 1370 1723 Curia
1398 1688 1470 1733 ipsa
1496 1699 1616 1732 erant,
1641 1691 1675 1723 8<
1700 1688 1867 1736 diligenti
1892 1701 1974 1724 eum

1214 1761 1233 1776 ‚‚
1260 1736 1310 1773 eis
1338 1737 1485 1774 confilio
1511 1738 1636 1774 habito
1663 1738 1975 1786 pronunciavimus

1214 1812 1233 1826 ‚‚
1260 1787 1300 1823 in
1327 1787 1392 1825 hac
1427 1788 1560 1825 forma.
1597 1789 1694 1835 Quia
1721 1787 1876 1823 constitit
1911 1801 1975 1823 no-

1215 1863 1234 1877 ‚‚
1262 1838 1316 1874 bis
1353 1853 1413 1888 per
1451 1840 1592 1888 publica
1627 1839 1856 1876 Instrumenta
1883 1838 1975 1882 Iuris

1216 1914 1235 1928 „
1262 1889 1512 1939 solempnitate
1538 1892 1692 1930 vallata,
1728 1903 1791 1925 nec
1827 1902 1898 1925 non
1931 1902 1976 1925 ex

1260 1942 1558 1978 rememoratione
1587 1940 1626 1978 δι
1653 1940 1856 1977 testimonio
1882 1939 1978 1984 Judi-

1216 2016 1234 2030 ‚‚
1262 1990 1313 2027 cis
1352 1993 1555 2042 Peregrini,
1593 1991 1651 2028 cui
1689 2005 1748 2041 per
1780 1991 1978 2027 Dominum

1216 2066 1234 2080 η
1263 2043 1415 2080 nostrum
1470 2046 1723 2092 Imperatorem
1779 2041 1978 2089 specialiter

1215 2115 1233 2128 η
1261 2095 1484 2128 commissum
1507 2094 1639 2135 fuerat,
1661 2095 1813 2127 bannum
1835 2100 1976 2126 centum

1217 2163 1236 2177 n
1263 2140 1422 2175 millium
1443 2141 1672 2176 Marcharum
1695 2140 1875 2186 imponere
1894 2142 1976 2176 Flo-

1215 2214 1234 2229 „
1262 2190 1443 2234 rentinis,
1491 2204 1534 2227 ne
1581 2191 1776 2226 cabalcatas
1823 2189 1977 2227 facerent

1263 2250 1386 2277 contra
1409 2241 1593 2284 Senenses,
1614 2241 1647 2275 8<
1670 2254 1712 2275 ne
1733 2239 1784 2275 eis
1805 2240 1953 2288 dampna
1967 2269 1978 2287 ‚

1216 2317 1234 2331 u
1262 2292 1438 2338 injurias,
1474 2292 1531 2328 vel
1562 2290 1735 2327 molestias
1765 2291 1901 2337 aliquas
1930 2291 1978 2328 fa-

1217 2369 1234 2382 „
1262 2352 1402 2387 terent,
1431 2342 1487 2379 seu
1515 2343 1587 2390 jura
1617 2342 1674 2378 sua
1699 2342 1878 2390 imperiali
1905 2344 1976 2379 Cu-

1218 2420 1236 2434 „
1264 2395 1316 2431 rie
1343 2394 1467 2431 ordine
1506 2394 1695 2441 judiciario
1732 2392 1976 2441 prosequeren-

1216 2471 1234 2486 η
1261 2455 1345 2489 tur,
1382 2459 1445 2496 pro
1473 2454 1512 2481 ut
1548 2445 1615 2481 hoc
1652 2445 1762 2481 ios-zm
1794 2443 1901 2480 etiam
1933 2444 1975 2480 de

1183 2491 1234 2591 ‚‚‚

1216 2575 1236 2590 υ
1262 2549 1335 2587 dici
1364 2548 1553 2597 Peregrino
1579 2547 1740 2598 predieio
1769 2546 1841 2583 suit
1878 2547 1977 2594 plene

1262 2497 1428 2535 mandato
1455 2498 1488 2532 8(
1518 2496 1760 2533 commistione
1797 2494 1889 2531 faeta
1919 2498 1976 2540 Ju-

1784 2623 1804 2640 ‚‚
1833 2609 1911 2646 pro-
