2201 3021
403 220 456 258 62

341 278 368 315 ‘„
394 229 496 319 ipsig,
522 272 557 308 8<
584 272 693 310 etiam
730 272 799 310 fine
835 271 915 322 ipsis
952 273 1107 309 viriliter

346 347 369 365 ,‚
397 323 431 357 δι
462 333 625 373 potenter
648 324 750 361 omni
770 325 946 361 dilatione
973 323 1107 374 postpo-

345 399 371 417 „
397 372 461 410 fita
496 374 687 416 festinetis,
725 385 766 412 ut
798 389 858 425 per
894 375 1039 412 vestrum
1067 373 1105 412 ἃ

346 450 371 468 ,,
396 425 552 473 ipsorum
596 426 780 463 subfidium
826 426 924 462 dista
964 427 1105 463 Civitas

345 501 370 519 „
397 478 440 512 ab
480 477 697 527 oppreffione
739 477 916 512 diuorum
955 477 1104 513 hostium

346 555 373 574 ‚‚
400 528 518 564 valeat
553 527 720 564 liberari.
761 529 807 562 Et
844 527 928 574 quia
964 538 1106 577 propter

346 606 371 624 ‚,
399 579 621 614 conditiones
658 577 959 625 periculofiffimas
979 603 988 617 ‚
1028 578 1105 627 qui-

344 656 369 674 „
398 628 459 663 bus
487 630 606 665 eadem
634 629 776 664 Civitas
804 629 982 677 agitatur,
1009 628 1050 665 fit
1076 630 1106 664 i-

345 706 370 724 „
397 677 514 714 bidem
536 679 687 715 custodia
711 679 862 715 nimium
883 689 1105 728 opportuna,

343 756 368 775 „
396 729 536 766 talliam
564 730 724 767 militum
752 731 854 767 vobis
880 731 1103 779 impolitam,

344 808 369 826 ‚,
396 778 464 817 fine
494 781 676 817 tarditatis
702 781 806 817 obice
833 782 1103 821 tranlmittatis‚

342 858 367 877 „
394 843 438 867 ne
472 846 533 879 pro
560 832 696 869 defeElcu
725 833 897 869 custodiae
929 831 1104 882 praediEla

343 909 368 927 „
395 883 537 919 Civitas
565 883 760 934 periculum
789 883 965 933 patiatur.

343 985 539 1021 Ot‘ifavianus
577 985 786 1030 miseratione
819 988 938 1022 divina
973 988 1106 1022 Sanffae

394 1039 533 1072 Mariae
559 1041 594 1072 in
623 1041 759 1073 Vialata
794 1041 959 1072 Diaconus
986 1039 1104 1072 Cardi-

391 1088 498 1125 ηαΙὶς,
521 1089 711 1134 Apostolicae
729 1091 824 1122 Sedis
845 1093 1010 1132 Legatus,
1031 1091 1070 1122 N
1073 1103 1103 1123 o-

390 1135 513 1171 biti-bus
533 1137 568 1172 Θ
592 1136 809 1182 prudentibus
836 1139 925 1172 viris
950 1139 1105 1184 Pota-stati

391 1186 428 1221 ἅ
469 1189 603 1235 Consilio
644 1192 902 1225 Mantuanorum
916 1212 929 1229 ,
963 1187 1106 1237 fizlutem

391 1240 426 1273 in
452 1242 612 1276 Domino.

339 1346 367 1384 ⁷„
392 1338 716 1431 VErecundiae
744 1350 889 1392 propter
914 1356 976 1380 vos
1003 1343 1107 1380 rubo—

339 1415 366 1434 ,5

520 1405 558 1427 re
585 1392 739 1431 confusi,
767 1393 866 1428 silere
893 1407 964 1429 non
993 1395 1105 1441 possu-

340 1465 367 1484 „
395 1453 495 1485 mus,
522 1441 609 1490 quin
638 1443 846 1490 loquamur,
874 1442 957 1477 dum
985 1445 1107 1478 Eccle—

339 1515 366 1535 „
393 1489 481 1530 siae,
508 1504 549 1527 ac
570 1491 696 1528 vestros
717 1492 885 1527 inimicos
907 1493 1008 1528 vobis
1029 1493 1107 1528 dor-

341 1565 369 1584 „
397 1540 591 1578 mientibus
627 1541 865 1591 conspicimus
902 1542 947 1577 sic
974 1544 1107 1583 elatos,

343 1617 370 1635 „
396 1592 491 1637 quod
521 1592 707 1640 psallentes
737 1602 970 1642 prorumpunt
991 1593 1028 1628 in
1055 1594 1109 1641 ju-

341 1666 368 1686 „
396 1642 534 1682 hilum,
561 1643 739 1680 dicentes:
769 1645 849 1677 Non
875 1644 915 1690 est
941 1643 1031 1678 nobis
1058 1643 1108 1678 ob-

342 1718 367 1736 „
385 1694 567 1739 statutum,
597 1697 678 1739 quin
706 1695 842 1729 licenter
873 1695 1016 1739 poffimus
1042 1696 1108 1729 ini-

344 1769 370 1787 „
396 1746 551 1780 micorum
573 1748 743 1793 nostrorum
758 1744 921 1793 ffinguine
937 1747 1108 1782 debriari.

342 1820 367 1839 „
395 1796 517 1830 Eamus
552 1799 688 1842 igitur,
723 1797 770 1836 Θ
807 1797 993 1842 αιξίὲναηιω·
1028 1796 1108 1840 ipsbs

345 1870 370 1889 ‚‚
396 1848 437 1880 de
462 1849 565 1883 medio
581 1872 592 1887 ,
627 1862 668 1883 ne
702 1846 874 1892 nstv-gant
909 1849 1083 1893 aliquando
1096 1871 1108 1888 ‚

347 1921 370 1938 ,‚
397 1895 435 1930 &¹
462 1901 643 1944 proceffibus
678 1900 789 1946 nostris
823 1897 942 1934 obicem
976 1901 1107 1945 difficul-

345 1971 370 1990 „
396 1950 482 1982 tatis
500 1961 678 1993 opponant.
707 1951 775 1986 Pro
794 1958 894 1985 certo
919 1950 1108 1990 habemus,

348 2023 371 2041 „
398 1997 432 2031 &
461 2000 563 2035 vobis
599 2001 664 2036 effe
700 2013 771 2036 non
808 2000 912 2036 debet
948 2000 1110 2050 incogni-

349 2073 373 2092 ‚‚
401 2056 501 2092 tum,
528 2051 621 2097 quod
650 2051 803 2086 Obertus
831 2051 1054 2087 Pelavicinus
1073 2053 1106 2087 &

342 2124 368 2143 „
395 2098 677 2139 Cremonenses,
720 2112 870 2146 quorum
909 2112 974 2135 nos
1015 2101 1109 2135 livor

346 2174 370 2193 ‚‚
398 2148 568 2184 aemulari
596 2162 667 2184 non
691 2148 812 2188 desiit,
839 2148 881 2184 ad
909 2149 1105 2184 tollendum

345 2225 369 2243 ‚,
400 2198 599 2235 Parmenses
627 2199 669 2234 de
696 2199 835 2238 medio,
868 2199 902 2234 &
932 2199 1109 2235 Placenti—

346 2276 370 2294 „
397 2261 523 2286 norum
552 2248 722 2284 militiam
760 2248 985 2284 multimodis
1021 2248 1108 2285 sata-

343 2327 368 2346 „
396 2310 516 2349 gentes
532 2299 574 2335 ad
587 2299 842 2347 oppressionem
858 2312 979 2335 eorum
994 2313 1048 2335 om
1056 2299 1110 2335 ni—

343 2379 369 2397 „
397 2351 538 2387 modam
576 2360 790 2398 properant,
827 2350 1040 2387 vistualibus
1068 2349 1106 2388 &

343 2430 368 2448 ‚,
395 2402 476 2438 aliis
504 2401 725 2442 necessariis,
750 2414 887 2438 necnon
914 2402 947 2437 &
976 2401 1107 2438 Carro-

342 2481 366 2499 5,
394 2453 452 2489 cio
464 2478 475 2493 ,
491 2452 512 2471 ’⁶
529 2464 634 2501 quam
652 2452 691 2489 in
708 2452 850 2489 vestram
867 2452 1106 2502 ignominiam

344 2532 366 2550 ,‚
394 2514 518 2541 contra
566 2517 625 2540 eos
679 2503 908 2540 decreverunt
948 2504 1105 2544 ducere.

343 2583 366 2600 ,‚
395 2556 464 2604 jam
493 2555 647 2605 paratis,
674 2555 851 2592 credentes
878 2555 951 2604 post
978 2556 1105 2591 obten-

1146 276 1180 310 A

703 215 1123 280 ANTIQUJT.
1163 217 1398 258 MEDII
1434 217 1621 259 AEVI

1837 223 1922 262 628

1220 298 1246 319 „
1271 281 1348 310 tum
1374 286 1494 310 eorum
1522 282 1645 310 contra
1671 272 1761 311 alios
1787 275 1913 312 vestros
1943 291 1980 315 a-

1220 352 1246 371 „
1273 325 1384 362 micos
1410 324 1606 374 insurgere,
1642 338 1681 361 ac
1717 323 1792 361 suas
1821 325 1977 366 fimbrias

1222 403 1247 422 „
1273 376 1381 413 latius
1408 376 1598 425 ampliare.
1635 375 1821 425 Numquid
1855 377 1978 427 itaque

1221 455 1246 474 ‚,
1272 440 1343 463 non
1375 427 1473 475 piget
1500 440 1560 463 vos
1588 437 1660 464 tam
1698 428 1872 465 atrocium
1903 442 1978 477 per-

1220 506 1246 524 „
1272 478 1468 515 secutorum
1511 477 1724 515 diffimulare
1764 479 1946 516 licentiam
1965 503 1978 522 .

1221 557 1245 575 „
1271 530 1305 564 &
1334 528 1482 575 injurias
1509 528 1686 565 tolerare²
1721 529 1784 578 qui
1821 530 1844 566 fi
1881 530 1979 567 suba—

1221 608 1246 626 „
1271 580 1339 615 &is
1369 579 1604 616 Parmenfibus
1640 579 1678 616 δι
1712 580 1807 617 dista
1843 581 1978 618 militia

1226 659 1246 676 „
1272 630 1311 666 in
1352 643 1414 666 vos
1456 629 1613 668 invalere
1658 640 1850 679 poterunt,
1899 632 1977 668 suae

1222 709 1246 727 ‚,
1274 680 1553 730 persequutionis
1594 682 1744 719 stimulis
1783 682 1891 731 usque
1933 682 1977 719 ad

1220 761 1244 777 „
1274 732 1406 778 patrios
1441 733 1574 768 limites
1611 747 1761 783 pungere
1797 746 1869 769 non
1896 732 1978 768 defi-

1220 811 1244 829 „
1272 783 1386 820 stent.
1427 783 1727 832 Expergiscimini
1769 783 1882 832 igitur
1920 785 1981 830 qui

1220 862 1244 879 ,,
1272 834 1458 874 dormitis,
1486 836 1520 870 &
1549 848 1695 884 corpore
1722 833 1982 870 somnolentiae

1219 913 1243 930 ,‚
1273 883 1483 934 profligato,
1525 896 1647 921 contra
1686 884 1797 921 hostes
1833 883 1984 924 vestros,

1218 962 1243 982 ‚‚
1270 938 1303 972 &
1332 937 1526 973 amicorum
1558 937 1769 976 vestrorum,
1806 948 1868 984 per
1893 947 1983 982 quos

1219 1015 1243 1032 ‚,
1271 987 1373 1023 vestri
1394 988 1528 1036 vigoris
1556 987 1700 1024 audacia
1721 986 1838 1034 viguit
1866 984 1984 1021 haue-

1220 1066 1242 1083 „
1270 1051 1361 1078 nus,
1397 1039 1431 1073 &
1470 1051 1542 1074 non
1570 1038 1683 1074 solum
1721 1035 1889 1072 tuitionis
1926 1035 1983 1071 sed

1220 1116 1242 1133 „
1271 1087 1504 1136 superationis
1545 1089 1647 1125 vobis
1687 1088 1795 1124 robur
1835 1086 1984 1126 extitit,

1219 1166 1243 1184 ,‚
1271 1138 1477 1188 assurgatis,
1505 1148 1544 1175 ut
1571 1139 1767 1176 amicorum
1791 1137 1983 1174 vestrorum

1219 1218 1242 1235 ,‚
1269 1189 1405 1226 viribus
1433 1190 1514 1226 ideo
1542 1190 1719 1226 mediante
1750 1187 1899 1225 subfidio
1928 1200 1981 1223 re-

1218 1268 1241 1286 „
1270 1240 1428 1276 stauratis
1465 1240 1674 1276 debilitetur
1700 1241 1735 1275 ἃ
1764 1239 1983 1286 deprimatur

1218 1319 1242 1337 ‚,
1269 1291 1501 1327 inimicorum
1545 1291 1735 1327 vestrorum
1776 1288 1950 1324 hostilitas
1971 1312 1984 1328 ‚

1219 1371 1242 1388 ‚,
1272 1341 1310 1379 &
1341 1342 1454 1378 virtus
1488 1342 1614 1378 vestrae
1642 1339 1865 1377 fortitudinis
1901 1351 1985 1387 aug-

1219 1421 1243 1437 „
1272 1402 1474 1428 mentetur.
1512 1392 1664 1428 Proinde
1703 1389 1892 1426 Parmensis
1921 1389 1984 1425 Ci-

1219 1471 1244 1486 „
1271 1443 1396 1478 vitatis
1430 1442 1469 1477 in
1507 1441 1666 1490 periculo
1703 1440 1852 1476 vestrum
1882 1438 1919 1476 ἃ
1949 1452 1983 1474 a·

1219 1520 1243 1537 „
1272 1493 1446 1528 micorum
1473 1492 1664 1528 vestrorum
1692 1491 1888 1540 periculum
1917 1489 1984 1526 im-

1219 1572 1244 1588 „
1273 1544 1411 1579 minens
1455 1544 1702 1583 attendentes,
1743 1541 1905 1578 festinum
1949 1542 1984 1577 &

1220 1621 1245 1639 ‚,
1271 1603 1510 1642 opportunum
1539 1594 1572 1630 ei
1589 1619 1600 1634 ‚
1628 1594 1742 1630 immo
1769 1593 1871 1629 vobis
1909 1592 1987 1629 sub-

1221 1671 1245 1689 „
1273 1644 1397 1679 fidium
1438 1645 1681 1693 porrigentes,
1717 1644 1856 1680 talliam
1895 1643 1984 1681 illuc

1223 1721 1246 1738 ‚,
1273 1694 1434 1730 militum
1463 1708 1526 1742 pro
1552 1695 1653 1729 illius
1675 1693 1855 1730 Civitatis
1875 1694 1983 1730 custo-

1221 1772 1246 1791 „
1273 1745 1333 1780 dia
1362 1743 1432 1780 fine
1466 1743 1649 1780 tarditatis
1674 1743 1779 1778 obice
1804 1744 1985 1780 transmit-

1223 1824 1247 1841 „
1274 1795 1360 1831 tatis
1387 1818 1399 1835 ,
1439 1808 1480 1831 ac
1521 1793 1634 1843 parati
1675 1792 1782 1829 estote
1809 1816 1822 1833 ‚
1862 1803 1985 1831 contra

1222 1875 1246 1893 ‚,
1275 1845 1529 1882 Cremonenses
1565 1843 1812 1882 universaliter
1848 1858 1987 1892 progre-

1223 1926 1248 1944 ,‚
1274 1898 1334 1937 di,
1362 1896 1386 1932 fi
1406 1896 1468 1944 ipfi
1489 1906 1613 1933 contra
1635 1894 1835 1932 Parmenscs
1853 1896 1886 1931 8<
1911 1897 1988 1932 Pla-

1223 1977 1248 1994 „
1275 1947 1435 1985 centinos
1451 1972 1462 1987 ‚
1489 1948 1651 1987 milites,
1678 1956 1785 1995 prout
1811 1945 1985 1993 disposue-

1223 2028 1246 2046 ,‚
1274 2010 1380 2040 runt,
1405 2000 1590 2048 procedere
1610 1997 1843 2035 attentarint:
1872 1997 1988 2034 immo

1223 2078 1247 2096 ‚,
1275 2064 1318 2086 ex
1347 2063 1441 2086 nunc
1460 2063 1587 2087 vexare
1613 2048 1796 2093 incipiatis
1823 2047 1987 2094 eosdem,

1223 2127 1247 2143 „
1274 2109 1315 2134 ut
1341 2101 1460 2135 vestris
1486 2099 1736 2135 vexationibus
1764 2098 1910 2135 lacefliti
1927 2124 1938 2140 ,
1965 2113 1986 2136 a.

1222 2175 1248 2193 „
1276 2148 1513 2183 Parmensium
1541 2150 1574 2183 δε
1607 2148 1894 2185 Placentinorum
1929 2149 1986 2187 in·

1223 2226 1247 2244 ‚,
1276 2198 1378 2242 iuriis
1403 2208 1632 2235 avertantur.

1221 2302 1315 2336 Viris
1343 2299 1543 2341 Nobilibus,
1579 2302 1720 2343 amicis,
1747 2299 1784 2336 (θ’
1811 2303 1984 2350 fratribus

1266 2354 1475 2397 praedileffis
1492 2376 1505 2392 ,
1547 2353 1700 2398 Potestati
1742 2351 1778 2387 ἐν
1821 2358 1986 2393 Communi

1270 2407 1456 2444 Mantuae,
1484 2405 1647 2449 AsJZflIbres
1674 2403 1710 2438 ἐν
1737 2406 1889 2446 Vicarii,
1916 2410 1984 2443 Do.

1270 2455 1351 2489 mini
1379 2456 1523 2490 Girardi
1546 2456 1693 2501 Rangoni
1715 2456 1882 2502 Potestasis
1908 2461 1980 2492 Me-

1268 2507 1490 2551 diolanenfium
1515 2531 1526 2547 ,
1567 2505 1610 2545 (9
1661 2507 1831 2550 Consilium
1870 2508 1980 2543 Senio-

1267 2569 1339 2590 rum
1352 2578 1365 2595 ,
1391 2558 1448 2603 qui
1474 2554 1695 2605 remanserunt
1723 2560 1808 2595 domi
1824 2583 1836 2601 ‚
1859 2569 1917 2604 pro
1942 2570 1978 2592 u-

1799 2605 1927 2657 niverso
