2201 3021
229 246 315 293 '473

445 229 836 276 DISSERTATIO
865 228 1161 288 QUADRAG
1168 228 1203 266 E
1207 228 1235 265 S
1238 229 1520 269 IMANONA
1527 259 1539 270 .

1666 239 1758 288 474

174 320 193 338 ³,
218 296 254 330 &
295 293 584 329 firmamztenere
621 285 846 320 concordiam
886 286 935 321 fa-
982 287 1024 321 A=
1054 310 1075 326 ‚,
1099 282 1295 327 exercitum
1329 296 1407 318 cum
1447 285 1650 331 militibus,
1687 287 1814 336 pediti,-

175 373 194 391 ‚‚
220 346 314 382 &am
335 343 430 380 inter
451 336 643 375 Ferrariam
664 335 702 372 &
727 335 910 372 Mutinam
924 365 934 381 ‚

174 423 194 441 θ
223 396 351 433 fastam
369 394 404 429 &
428 391 585 439 juratam
601 387 640 423 in
666 387 803 424 Palatio
823 386 935 424 Com-

173 474 196 492 „
223 445 340 484 munis
375 439 541 478 Mutinae
568 439 607 475 in
636 440 743 488 pleno
773 437 937 476 Confilio

176 525 198 542 ‚‚
225 499 266 535 ad
294 504 493 540 campanam
524 490 721 539 pulsatam,
748 490 937 528 secundum

177 546 316 596 „quod
355 542 527 591 relegitur
568 542 608 580 &
655 541 860 580 continetur
900 543 939 579 in

176 626 197 642 ‚,
222 598 352 634 Charta
391 593 483 630 fausta
525 607 587 642 per
625 595 788 632 Marcum
824 597 940 632 Nota-

174 676 195 693 „
219 648 310 684 rium
360 644 535 682 Civitatis
585 644 753 680 Mutinae
776 673 786 683 .
839 648 942 693 Quae.

174 725 194 744 ‚,
219 698 352 735 Charta
394 695 482 733 disti
525 694 645 731 Marci
688 696 833 731 Notarii
871 697 942 733 fuit

172 777 193 794 „
219 750 419 798 exemplata
447 761 505 798 per
527 759 671 784 manum
695 746 858 796 Magistri
880 749 941 783 Pe-

173 829 195 846 „
221 801 294 846 tri,
337 799 425 836 sacri
472 798 652 847 Imperii,
694 797 942 846 Fert-:iriaeque

176 880 197 898 ‚,
226 851 399 895 Notarii,
428 850 471 886 de
509 851 695 886 voluntate
731 849 803 885 mei
843 851 943 886 Pote-

177 930 197 948 ‚‚
224 903 319 939 statis
346 903 536 946 Mutinae,
564 900 604 939 &
632 901 764 937 nostrae
791 901 943 939 Curiae,

179 980 201 999 ‚‚
227 954 325 1001 cujus
354 963 457 989 tenor
492 952 576 989 talis
612 952 677 989 est:
718 955 796 1002 Ego
832 951 946 988 Muti-

179 1031 200 1050 ,‚
226 1004 336 1041 nenfis
364 1005 445 1053 juro
465 1002 596 1040 salvare
615 1005 649 1040 &
672 1003 844 1040 custodire
865 1005 946 1039 Fer—

179 1083 200 1100 „
226 1055 394 1092 rarienses
431 1055 470 1092 in
509 1054 665 1103 personis
701 1053 740 1092 &
778 1055 880 1091 rebus
909 1054 947 1091 &

180 1133 199 1151 „
225 1120 279 1142 res
323 1106 361 1143 δὲ
399 1105 561 1155 personas
597 1106 636 1143 in
673 1115 754 1143 toto
789 1105 948 1142 distriffiu

227 1157 394 1194 Mutinae
421 1158 456 1193 &
484 1157 525 1194 in
551 1158 720 1200 Mutina,
757 1171 820 1194 nec
848 1157 886 1193 in
915 1171 949 1192 a-

180 1233 202 1253 o,
229 1209 327 1245 lieno
346 1208 544 1245 offendere.
571 1211 618 1245 Et
639 1209 705 1246 hoc
732 1209 861 1245 faciam
887 1208 950 1244 ho-

231 1260 388 1295 minibus
420 1260 463 1295 de
499 1260 663 1296 Civitate
699 1262 756 1296 vel
793 1259 951 1295 distrifi’cu

231 1311 288 1345 vel
316 1309 534 1358 Episcopatu
560 1311 761 1352 ferrariae.
792 1311 831 1346 in
859 1320 951 1346 terra

185 1387 205 1405 ,‚
231 1362 265 1397 &
295 1373 409 1408 aqua,
439 1360 476 1397 &
506 1359 545 1396 in
576 1361 733 1397 distriau
762 1360 952 1397 Mutinae.

185 1437 206 1455 „
232 1414 279 1447 Et
307 1411 402 1458 quod
429 1423 502 1446 non
530 1411 682 1446 auferam
706 1411 844 1456 aliquid
873 1413 954 1444 Fer-

188 1487 207 1506 ‚‚
235 1460 442 1497 rarienfibus
491 1459 530 1495 in
572 1469 653 1496 toto
694 1459 852 1495 distriffiu
896 1459 951 1493 vel

186 1542 205 1557 „
231 1510 446 1560 Episcopatu
478 1510 666 1550 Mutinae,
704 1519 854 1556 excepto
890 1508 955 1545 tri-

234 1565 298 1599 bus
334 1561 500 1598 Denariis
536 1562 579 1605 de
615 1561 739 1598 modio
783 1560 894 1604 Salis,
933 1559 954 1594 sl

235 1613 417 1651 Mutinam
446 1613 637 1656 duxerint,
668 1614 701 1647 δε
732 1610 956 1648 Mutinenses

189 1694 208 1709 ‚‚
234 1665 273 1702 in
301 1664 334 1701 se
361 1663 399 1701 &
429 1664 510 1700 aliis
539 1664 683 1700 Datiam
714 1663 803 1698 Salis
842 1662 956 1708 impo-
982 1646 1040 1698 uD¹¹
1067 1684 1087 1698 υ

190 1746 208 1760 „
236 1715 389 1753 suerint.
417 1718 509 1750 Item
539 1715 616 1762 juro
645 1713 809 1760 adjuvare
837 1714 957 1746 Ferra-

193 1795 212 1809 „
239 1766 364 1803 rienses
392 1765 426 1798 δε
455 1764 653 1798 Ferrariam
683 1772 807 1796 contra
836 1774 958 1796 omnes

196 1896 215 1911 ,‚
244 1880 320 1909 ma,
351 1864 485 1913 Regio,
512 1865 547 1900 δε
579 1863 760 1899 Bononia.
799 1864 846 1899 Et
882 1863 960 1910 qui-

196 1947 216 1962 ‚‚
244 1929 395 1964 cumque
435 1916 504 1952 erit
544 1914 713 1950 inimicus
756 1914 960 1958 Penariae,

201 1998 218 2013 ‚,
245 1968 314 2005 erit
351 1966 520 2002 inimicus
557 1966 744 2002 Mutinae.
781 1965 962 2001 Scholares

197 2048 220 2064 ,2
248 2021 353 2060 vero,
381 2018 443 2066 qui
473 2017 551 2054 sunt
572 2019 628 2053 vel
648 2025 750 2053 erunt
775 2017 962 2058 Mutinae,

204 2099 223 2115 „
250 2072 282 2106 &
305 2082 424 2106 eorum
449 2083 499 2105 res
521 2070 555 2105 8<
577 2068 597 2088 *
620 2068 837 2110 senvientes,
859 2069 964 2103 unde-

195 1845 214 1860 „
242 1815 402 1865 personas
421 1814 455 1848 &
474 1813 676 1856 Civitates,
697 1811 856 1860 exceptis
879 1813 959 1847 Par-
984 1822 990 1998 ι
1041 1804 1044 1815 '

204 2150 223 2165 „
250 2133 399 2167 cumque
426 2119 515 2162 fint,
543 2119 654 2154 libere
689 2117 820 2165 poffint
847 2119 896 2152 ire
926 2116 962 2152 ἃ
990 2111 991 2127 ³

205 2201 223 2217 „
249 2172 360 2208 redire
387 2169 424 2207 ἃ
453 2170 561 2206 stare.
596 2171 644 2205 Et
679 2169 847 2204 inimicos
886 2170 965 2203 Fer—

207 2252 225 2268 „
252 2221 362 2259 rariae
381 2234 450 2257 non
473 2219 677 2270 permittam
698 2219 750 2256 ire
771 2233 830 2267 per
851 2232 963 2255 meam

208 2304 227 2319 2,
254 2284 377 2310 terram
408 2285 472 2308 nec
503 2285 562 2320 per
589 2284 701 2307 meam
731 2283 856 2319 aquam
886 2283 965 2306 cum

211 2354 230 2369 ,‚
258 2322 411 2369 personis
449 2335 511 2358 nec
549 2335 627 2358 cum
664 2322 784 2357 rebus.
822 2323 868 2355 Et
905 2334 994 2356 nee,

214 2405 235 2421 „
261 2374 368 2412 liceat
396 2372 487 2409 mihi
514 2371 625 2408 facere
653 2384 771 2421 pacem
803 2373 859 2406 vel
887 2385 969 2407 con-

213 2456 233 2472 „
259 2425 415 2462 cordiam
443 2437 521 2460 cum
543 2424 660 2471 aliqua
680 2422 862 2464 Civium,
890 2435 969 2457 cum

217 2508 238 2522 ,,
263 2491 330 2524 qua
359 2474 591 2512 ferrarienses
620 2474 750 2509 habens
779 2474 830 2507 vel
868 2473 970 2508 habe-

217 2558 236 2572 „
262 2531 352 2566 bunt
377 2539 535 2577 guerram
595 2525 664 2561 fine
692 2525 852 2566 pez-mim
891 2526 970 2559 Fer-
996 2521 998 2534 ¹

214 2607 235 2626 ‚‚
262 2579 391 2619 rariae.
418 2581 466 2615 Et
483 2578 577 2627 quod
602 2578 656 2614 bis
675 2577 714 2613 in
734 2590 825 2613 anno
846 2575 972 2613 faciam
996 2581 1005 2620 l

989 1197 1023 1233 C
1034 1199 1035 1203 ,

1053 360 1074 376 ,,
1102 335 1187 374 bus,
1212 335 1246 368 δι
1268 334 1488 373 amatoribus,
1507 335 1550 370 ad
1578 348 1670 373 meas
1691 352 1816 387 expen-

1053 412 1074 429 ,‚
1102 385 1176 430 sas,
1202 384 1418 433 ubicumque
1445 385 1652 431 voluerint,
1677 388 1716 424 in
1734 389 1819 437 Epi-

1054 463 1074 479 „
1102 437 1245 486 scopatu
1281 438 1317 473 &
1353 435 1513 473 distriau
1551 437 1750 474 Feri-ariae:
1782 439 1818 479 ὃς

1054 514 1073 530 ‚2
1102 502 1162 537 per
1188 489 1272 525 osto
1307 488 1410 531 dies,
1450 502 1492 526 ex
1531 502 1602 536 quo
1639 489 1820 538 adjunstus

1054 567 1076 583 „
1101 539 1200 579 suero
1227 554 1308 578 cum
1336 539 1610 578 Ferrarienfibus
1638 540 1732 577 stabo
1750 567 1761 586 ,
1788 541 1821 576 δι

1055 618 1076 634 ,,
1103 606 1162 630 eos
1200 593 1292 630 bona
1329 592 1397 629 fide
1435 593 1632 642 adjuvabo.
1670 594 1717 628 Et
1752 604 1827 629 non

1056 670 1078 686 ‚‚
1104 644 1266 681 retinebo
1309 644 1476 681 bannitos
1519 643 1698 681 Fen-ariae
1726 670 1738 688 ‚
1761 656 1827 682 ⁴ex

1055 722 1076 737 ‚,
1103 709 1174 743 quo
1211 694 1309 732 fuero
1346 695 1533 744 requisitus
1568 709 1588 732 a
1618 694 1827 733 meroribus

1055 774 1076 789 ‚,
1103 747 1282 782 ferrariae
1311 748 1367 782 vel
1405 759 1528 782 eorum
1568 746 1743 783 Nuntiis.
1779 747 1828 783 Et

1056 825 1077 840 ‚‚
1103 810 1176 833 non
1203 797 1365 834 retinebo
1394 797 1534 833 blavam
1558 796 1600 833 de
1628 799 1686 833 lua
1715 807 1828 838 terra,

1057 877 1077 891 ‚‚
1103 849 1161 885 vel
1189 848 1231 885 de
1259 848 1329 885 suis
1353 848 1518 897 operibus
1540 847 1743 896 acquisitis,
1772 849 1830 884 vel

1058 929 1077 943 ‚‚
1105 913 1185 937 cum
1224 899 1293 936 suis
1322 900 1537 936 animalibus
1565 900 1624 935 vel
1661 898 1830 939 aliunde,

1058 980 1078 994 ‚‚
1106 951 1202 1000 quod
1245 954 1288 988 de
1331 951 1406 988 alio
1447 950 1664 1000 Episcopatu
1703 951 1830 986 ducere

1059 1030 1080 1044 ,‚
1107 1002 1310 1039 voluerint.
1338 1004 1408 1039 Vel
1445 1001 1468 1038 fi
1509 1002 1605 1038 aliud
1634 1011 1832 1038 mercatum

1059 1081 1079 1096 „
1106 1054 1231 1090 ducere
1268 1054 1315 1089 de
1347 1053 1421 1090 alio
1458 1052 1673 1101 Episcopatu
1710 1053 1832 1088 volue-

1060 1132 1081 1147 ,‚
1107 1106 1209 1151 rint,
1238 1105 1443 1153 permittam
1471 1104 1612 1141 venire.
1641 1106 1688 1138 Et
1715 1103 1770 1138 bis
1791 1102 1832 1138 in

1061 1183 1080 1197 „
1108 1169 1201 1191 anno
1229 1157 1310 1191 dare
1339 1156 1473 1191 milites
1502 1156 1535 1189 8<
1558 1163 1754 1193 arcatores,
1781 1151 1832 1188 se-

1061 1234 1080 1248 „
1109 1206 1263 1242 cundum
1292 1206 1386 1255 quod
1414 1205 1453 1242 in
1490 1205 1548 1241 sua
1576 1204 1739 1240 Civitate
1773 1203 1834 1240 vel

1064 1285 1083 1299 ‚‚
1111 1257 1269 1293 distriffiu
1297 1256 1527 1306 reperiretur.
1567 1257 1615 1291 Et
1653 1269 1714 1302 per
1749 1253 1835 1290 0820

1063 1335 1083 1349 ‚‚
1111 1309 1207 1354 dies,
1245 1307 1435 1345 secundum
1473 1306 1569 1355 quod
1596 1306 1731 1342 dietum
1760 1304 1805 1341 est
1823 1330 1836 1348 ,

1063 1386 1082 1399 ⁷,
1110 1359 1194 1396 stare
1235 1359 1323 1396 meis
1364 1358 1552 1406 expensis.
1591 1358 1638 1390 Et
1680 1357 1834 1390 bannum

1063 1434 1084 1447 ,,
1111 1408 1290 1443 ῑτιιξὶιιυιηι
1318 1408 1482 1442 arborum
1520 1404 1571 1440 eis
1611 1403 1836 1440 Ferrarienfi-

1066 1483 1085 1496 2,
1116 1458 1179 1492 bus
1218 1457 1257 1492 in
1294 1457 1418 1505 aliquo
1454 1466 1614 1498 tempore
1641 1468 1712 1492 non
1741 1464 1839 1492 tene-

1067 1533 1084 1546 „
1113 1508 1179 1543 bo.
1206 1510 1254 1543 Et
1272 1508 1385 1543 libere
1411 1507 1615 1555 permittam
1637 1507 1839 1542 ferrarien-

1066 1585 1085 1598 „
1113 1558 1201 1593 fibus
1243 1558 1296 1593 ire
1337 1556 1469 1593 sursum
1495 1581 1506 1596 ‚
1548 1557 1581 1590 8<
1627 1556 1751 1602 juffum
1795 1556 1839 1592 ad

1067 1634 1087 1648 ‚‚
1115 1620 1238 1643 omnes
1283 1606 1357 1642 suas
1399 1606 1662 1654 negotiationes
1705 1605 1838 1641 facien-

1114 1657 1206 1701 das,
1247 1656 1312 1693 nifi
1352 1657 1394 1692 ad
1438 1658 1561 1692 domos
1603 1655 1836 1692 inimicorum

1069 1735 1089 1749 ,‚
1117 1707 1396 1744 Mutinenfium.
1423 1710 1471 1743 Et
1494 1708 1560 1743 hoc
1582 1705 1839 1744 sacramentum

1071 1785 1089 1800 7,
1117 1759 1155 1795 in
1182 1758 1348 1795 omnibus
1376 1758 1556 1807 Capitulis
1594 1758 1839 1808 suprascriptis

1071 1836 1091 1851 „
1119 1823 1179 1859 per
1197 1810 1474 1859 unumquodque
1490 1810 1773 1858 quinquennium
1789 1822 1841 1846 re-

1073 1887 1093 1901 „
1121 1862 1260 1897 novabo
1280 1862 1323 1897 ab
1351 1861 1429 1902 his.
1456 1861 1519 1908 qui
1546 1860 1637 1896 illud
1666 1860 1843 1904 fecerint,

1073 1939 1093 1952 „
1121 1914 1155 1947 δι
1184 1916 1226 1957 ab
1257 1912 1338 1948 aliis
1366 1912 1407 1948 de
1441 1911 1605 1948 Civitate
1632 1909 1669 1947 ἃ
1700 1910 1845 1959 Episco-

1076 1990 1093 2003 ‚‚
1123 1974 1206 2012 patu
1237 1964 1427 2004 Mutinae,
1456 1962 1519 2011 qui
1558 1975 1630 1998 non
1667 1960 1846 2006 fecerint,

1075 2041 1096 2054 ‚‚
1125 2028 1141 2049 a
1172 2015 1440 2062 quatuordecim
1469 2013 1570 2049 annis
1611 2012 1710 2060 supra
1738 2011 1845 2061 usque

1078 2092 1096 2106 ‚,
1124 2065 1165 2100 ad
1195 2064 1416 2112 septuaginta
1438 2077 1546 2100 annos
1575 2064 1691 2108 infra,
1719 2063 1761 2100 de
1784 2077 1847 2099 no-

1078 2142 1095 2154 ,,
1123 2129 1170 2149 vo
1200 2114 1281 2150 fiat:
1313 2115 1350 2151 &
1379 2114 1442 2163 ipsi
1470 2114 1596 2151 deinde
1625 2128 1685 2163 per
1713 2113 1848 2164 singula

1079 2192 1097 2206 „
1125 2165 1369 2214 quinquennia
1397 2166 1641 2202 renovabunt.
1668 2168 1716 2201 Et
1738 2165 1758 2201 si
1782 2165 1852 2202 ali-

1080 2243 1099 2258 „
1128 2216 1212 2264 quid
1243 2216 1403 2252 additum
1434 2218 1489 2250 vel
1518 2216 1741 2251 diminutum
1773 2215 1848 2251 fue-

1079 2294 1099 2307 „
1127 2267 1203 2306 rit,
1242 2266 1409 2302 consensu
1439 2264 1622 2311 utriusque
1649 2265 1849 2307 Civitatis,

1082 2345 1100 2358 ,‚
1128 2316 1223 2352 fusto
1259 2316 1424 2352 Confflio
1461 2316 1606 2364 publico
1646 2316 1769 2354 sonato
1807 2316 1850 2353 ad

1081 2396 1099 2408 „
1128 2380 1333 2411 campanam
1385 2367 1543 2403 sonatam
1571 2392 1582 2407 ‚
1629 2368 1822 2405 observabo
1840 2392 1852 2404 .

1081 2446 1100 2459 ,‚
1127 2421 1177 2454 Et
1212 2418 1235 2453 s1
1272 2419 1390 2466 aliqua
1420 2418 1603 2458 >discordia
1639 2419 1680 2455 de
1724 2419 1852 2466 praedi-

1083 2497 1102 2510 „
1129 2469 1219 2509 ebs,
1247 2470 1303 2505 vel
1332 2471 1373 2505 de
1406 2469 1530 2517 aliquo
1569 2471 1852 2519 praedistorum.

1085 2548 1103 2561 ‚‚
1133 2522 1189 2556 vel
1226 2521 1269 2556 de
1307 2534 1534 2569 quocumque
1573 2521 1647 2558 alio
1687 2533 1854 2571 apparue-

1085 2599 1105 2612 „
1131 2572 1203 2617 rit,
1227 2571 1322 2609 inter
1347 2586 1405 2610 eos
1429 2585 1491 2622 per
1517 2572 1601 2609 duos
1627 2573 1789 2610 homines
1814 2571 1858 2608 de

1678 2650 1698 2665 ‚,
1725 2623 1806 2674 ipsis
